symbol,received_time,trade_time,server_time,last,bid,ask,bid_size,ask_size,volume,type
AAPL,2025-01-10T13:36:00.113994Z,2025-01-10T13:35:48Z,,240.5,240.34,240.64,400,200,198465,quote
AAPL,2025-01-10T13:36:00.117794Z,,,,240.39,,200,,,quote
AAPL,2025-01-10T13:36:00.122980Z,,,,240.35,,,,,quote
AAPL,2025-01-10T13:36:00.123279Z,2025-01-10T13:35:57Z,,240.64,240.44,240.82,100,2300,198659,quote
AAPL,2025-01-10T13:36:00.123570Z,,,,240.3,240.77,,200,198978,quote
AAPL,2025-01-10T13:36:05.993408Z,,,,240.36,240.76,200,,198979,quote
AAPL,2025-01-10T13:36:06.009951Z,,,,240.3,240.82,100,2300,,quote
AAPL,2025-01-10T13:36:06.011174Z,,,,240.38,240.78,200,200,,quote
AAPL,2025-01-10T13:36:06.011789Z,,,,240.57,240.8,,,199056,quote
AAPL,2025-01-10T13:36:06.012329Z,,,,,240.76,,,199062,quote
AAPL,2025-01-10T13:36:06.012819Z,,,,,240.77,,400,199068,quote
AAPL,2025-01-10T13:36:15.992013Z,2025-01-10T13:36:05Z,,240.59,,240.82,,2300,199221,quote
AAPL,2025-01-10T13:36:15.997233Z,,,,500,,500,,199427,quote
AAPL,2025-01-10T13:36:16.005929Z,,,,240.61,,400,,,quote
AAPL,2025-01-10T13:36:16.007434Z,,,,240.57,,200,,,quote
AAPL,2025-01-10T13:36:16.007999Z,,,,240.6,,,,,quote
AAPL,2025-01-10T13:36:16.009127Z,,,,240.64,,100,,199428,quote
AAPL,2025-01-10T13:36:16.009742Z,,,,240.57,,500,,199469,quote
AAPL,2025-01-10T13:36:16.010519Z,,,,200,2200,200,2200,199498,quote
AAPL,2025-01-10T13:36:16.011048Z,,,,,,,,199499,quote
AAPL,2025-01-10T13:36:18.990779Z,,,,300,240.8,300,100,199599,quote
AAPL,2025-01-10T13:36:18.994641Z,2025-01-10T13:36:15Z,,241,240.67,241,400,2800,202247,quote
AAPL,2025-01-10T13:36:18.996533Z,2025-01-10T13:36:17Z,,240.82,240.64,,,,202837,quote
AAPL,2025-01-10T13:36:26.059838Z,,,,240.61,240.98,,200,202838,quote
AAPL,2025-01-10T13:36:26.064295Z,,,,240.62,,200,,,quote
AAPL,2025-01-10T13:36:26.068285Z,,,,240.77,241,,2800,,quote
AAPL,2025-01-10T13:36:26.072383Z,,,,240.78,,,,202852,quote
AAPL,2025-01-10T13:36:26.074755Z,,,,240.74,,,,,quote
AAPL,2025-01-10T13:36:26.077743Z,,,,240.76,,,,,quote
AAPL,2025-01-10T13:36:26.079016Z,,,,240.71,,400,,,quote
AAPL,2025-01-10T13:36:36.995100Z,2025-01-10T13:36:25Z,,240.81,240.73,,200,,203034,quote
AAPL,2025-01-10T13:36:36.998498Z,,,,240.87,,100,,,quote
AAPL,2025-01-10T13:36:37.006579Z,,,,,240.98,,100,203050,quote
AAPL,2025-01-10T13:36:37.012414Z,,,,,,,,203052,quote
AAPL,2025-01-10T13:36:37.014376Z,,,,240.8,,,,203503,quote
AAPL,2025-01-10T13:36:37.049790Z,,,,,,,,203510,quote
AAPL,2025-01-10T13:36:37.050205Z,2025-01-10T13:36:33Z,,240.8,240.69,,,,203696,quote
AAPL,2025-01-10T13:36:37.050923Z,,,,,,,,203697,quote
AAPL,2025-01-10T13:36:37.051276Z,,,,240.82,,,,203698,quote
AAPL,2025-01-10T13:36:43.995839Z,,,,240.83,,,,,quote
AAPL,2025-01-10T13:36:44.000646Z,,,,240.84,,,,203701,quote
AAPL,2025-01-10T13:36:44.002254Z,2025-01-10T13:36:38Z,,240.86,240.85,,,,203901,quote
AAPL,2025-01-10T13:36:44.004968Z,,,,240.86,,,,203907,quote
AAPL,2025-01-10T13:36:44.007828Z,,,,240.87,,,,203908,quote
AAPL,2025-01-10T13:36:44.010030Z,,,,240.89,,,,203934,quote
AAPL,2025-01-10T13:36:44.012436Z,,,,240.92,,,,203958,quote
AAPL,2025-01-10T13:36:48.996893Z,2025-01-10T13:36:43Z,,240.98,240.95,241,200,2800,204085,quote
AAPL,2025-01-10T13:36:49.001814Z,,,241,240.97,241.24,100,200,207299,quote
AAPL,2025-01-10T13:36:49.004511Z,,,,240.98,,,,207389,quote
AAPL,2025-01-10T13:36:49.006621Z,,,,240.99,241.25,,100,,quote
AAPL,2025-01-10T13:36:49.009342Z,,,,241,,,,207393,quote
AAPL,2025-01-10T13:37:00.051602Z,,,,241.01,,,,,quote
AAPL,2025-01-10T13:37:00.053072Z,,,,241.02,,,,,quote
AAPL,2025-01-10T13:37:00.053561Z,,,,241.03,,,,207528,quote
AAPL,2025-01-10T13:37:00.053923Z,,,,241.05,,,,207535,quote
AAPL,2025-01-10T13:37:00.054298Z,,,,,,,,207541,quote
AAPL,2025-01-10T13:37:00.054600Z,,,,241.07,,,,,quote
AAPL,2025-01-10T13:37:00.054907Z,,,,241.08,,200,,,quote
AAPL,2025-01-10T13:37:00.055188Z,,,,241.09,,,,,quote
AAPL,2025-01-10T13:37:00.055477Z,,,,241.15,241.35,100,200,207796,quote
AAPL,2025-01-10T13:37:00.055860Z,,,,241.16,241.36,,,207797,quote
AAPL,2025-01-10T13:37:08.039937Z,,,,,,,,207818,quote
AAPL,2025-01-10T13:37:08.043924Z,,,,241.17,241.38,200,,207824,quote
AAPL,2025-01-10T13:37:08.045371Z,,,,241.18,241.34,,,,quote
AAPL,2025-01-10T13:37:08.047922Z,,,,241.19,241.36,,300,207895,quote
AAPL,2025-01-10T13:37:08.049581Z,,,,241.21,,,,207982,quote
AAPL,2025-01-10T13:37:08.051765Z,,,,241.22,,100,,208032,quote
AAPL,2025-01-10T13:37:08.052797Z,,,,241.23,,200,,208042,quote
AAPL,2025-01-10T13:37:08.054650Z,,,,241.24,241.28,100,,208047,quote
AAPL,2025-01-10T13:37:13.996144Z,,,,,,,,208050,quote
AAPL,2025-01-10T13:37:14.000541Z,,,,,,,,208057,quote
AAPL,2025-01-10T13:37:14.002914Z,,,,241.26,,,,208058,quote
AAPL,2025-01-10T13:37:14.004977Z,2025-01-10T13:37:11Z,,241.28,200,200,200,200,208798,quote
AAPL,2025-01-10T13:37:14.006954Z,,,,,,,,208852,quote
AAPL,2025-01-10T13:37:23.995233Z,2025-01-10T13:37:13Z,,241.22,241.07,,100,,209985,quote
AAPL,2025-01-10T13:37:23.998778Z,2025-01-10T13:37:14Z,,241.2,241,,,,210409,quote
AAPL,2025-01-10T13:37:24.001040Z,,,,241.07,,,,210410,quote
AAPL,2025-01-10T13:37:24.002244Z,,,,400,,400,,210420,quote
AAPL,2025-01-10T13:37:24.005346Z,,,,241,,100,,,quote
AAPL,2025-01-10T13:37:24.006983Z,,,,,,,,210466,quote
AAPL,2025-01-10T13:37:24.008341Z,,,,241.06,,200,,,quote
AAPL,2025-01-10T13:37:30.993523Z,,,,241,300,100,300,210507,quote
AAPL,2025-01-10T13:37:30.996170Z,,,,241.04,,200,,210508,quote
AAPL,2025-01-10T13:37:30.998831Z,2025-01-10T13:37:26Z,,241.26,241,,100,,210743,quote
AAPL,2025-01-10T13:37:31.000474Z,,,,241.17,,300,,210744,quote
AAPL,2025-01-10T13:37:31.002342Z,2025-01-10T13:37:28Z,,241.27,,,,,210844,quote
AAPL,2025-01-10T13:37:31.004778Z,,,,,,,,210885,quote
AAPL,2025-01-10T13:37:38.994132Z,2025-01-10T13:37:30Z,,241.1727,,,,,210985,quote
AAPL,2025-01-10T13:37:38.997580Z,,,,,241.23,,100,,quote
AAPL,2025-01-10T13:37:38.998940Z,,,,200,,200,,211244,quote
AAPL,2025-01-10T13:37:39.000898Z,,,,,,,,211246,quote
AAPL,2025-01-10T13:37:39.001844Z,,,,,,,,211286,quote
AAPL,2025-01-10T13:37:39.002813Z,2025-01-10T13:37:37Z,,241.1701,,241.33,,200,214767,quote
AAPL,2025-01-10T13:37:43.993785Z,,,,,,,,214787,quote
AAPL,2025-01-10T13:37:43.995822Z,,,,,241.36,,300,,quote
AAPL,2025-01-10T13:37:43.997384Z,,,,,,,,214788,quote
AAPL,2025-01-10T13:37:43.998976Z,2025-01-10T13:37:41Z,,241.1978,,,,,214990,quote
AAPL,2025-01-10T13:37:44.001104Z,2025-01-10T13:37:42Z,,241.17,100,,100,,215390,quote
AAPL,2025-01-10T13:37:51.003991Z,2025-01-10T13:37:43Z,,241.2,241,241.28,,200,215786,quote
AAPL,2025-01-10T13:37:51.008612Z,,,,,241.33,,400,215798,quote
AAPL,2025-01-10T13:37:51.010779Z,2025-01-10T13:37:46Z,,241,,200,,200,215918,quote
AAPL,2025-01-10T13:37:51.013046Z,,,,,,,,215919,quote
AAPL,2025-01-10T13:37:51.014570Z,,,,,241.31,,,215920,quote
AAPL,2025-01-10T13:38:02.106903Z,2025-01-10T13:37:50Z,,241.2,200,241.32,200,,216586,quote
AAPL,2025-01-10T13:38:02.115580Z,,,,241.08,241.25,400,300,,quote
AAPL,2025-01-10T13:38:02.117936Z,,,,241,,100,,216708,quote
AAPL,2025-01-10T13:38:02.119780Z,,,,241.02,,200,,,quote
AAPL,2025-01-10T13:38:02.121887Z,,,,241.05,,,,,quote
AAPL,2025-01-10T13:38:02.123160Z,,,,241,400,100,400,216709,quote
AAPL,2025-01-10T13:38:02.124977Z,,,,,,,,216710,quote
AAPL,2025-01-10T13:38:13.064242Z,,,,,241.17,,300,,quote
AAPL,2025-01-10T13:38:13.069402Z,,,,,,,,216730,quote
AAPL,2025-01-10T13:38:13.071979Z,,,,,,,,216735,quote
AAPL,2025-01-10T13:38:13.075554Z,,,,,,,,216924,quote
AAPL,2025-01-10T13:38:13.077027Z,2025-01-10T13:38:07Z,,241,240.75,241.13,200,200,217044,quote
AAPL,2025-01-10T13:38:13.079790Z,,,,240.69,241.06,,100,,quote
AAPL,2025-01-10T13:38:13.081681Z,,,,240.71,,,,,quote
AAPL,2025-01-10T13:38:13.086101Z,,,,240.72,,,,,quote
AAPL,2025-01-10T13:38:13.088323Z,,,,240.82,,,,,quote
AAPL,2025-01-10T13:38:22.997425Z,,,,240.86,,,,217072,quote
AAPL,2025-01-10T13:38:23.001220Z,,,,240.85,241.15,,200,217073,quote
AAPL,2025-01-10T13:38:23.003621Z,,,,240.84,,,,217075,quote
AAPL,2025-01-10T13:38:23.006571Z,,,,,241.14,,,,quote
AAPL,2025-01-10T13:38:23.009827Z,,,,,241.13,,,,quote
AAPL,2025-01-10T13:38:23.011347Z,,,,240.73,240.96,,100,217107,quote
AAPL,2025-01-10T13:38:23.013265Z,,,,240.69,,,,,quote
AAPL,2025-01-10T13:38:23.016387Z,,,,240.71,,,,217113,quote
AAPL,2025-01-10T13:38:23.017812Z,,,,240.76,241,,1700,,quote
AAPL,2025-01-10T13:38:23.019085Z,,,,240.77,,,,,quote
AAPL,2025-01-10T13:38:33.031319Z,,,,240.76,,,,217114,quote
AAPL,2025-01-10T13:38:33.034743Z,,,,100,,100,,217118,quote
AAPL,2025-01-10T13:38:33.036390Z,,,,,,,,217120,quote
AAPL,2025-01-10T13:38:33.038195Z,,,,,,,,217121,quote
AAPL,2025-01-10T13:38:33.041105Z,,,,240.78,,200,,217123,quote
AAPL,2025-01-10T13:38:33.043434Z,,,,,,,,217138,quote
AAPL,2025-01-10T13:38:33.045845Z,2025-01-10T13:38:30Z,,240.9999,240.79,,400,,217238,quote
AAPL,2025-01-10T13:38:33.049541Z,,,,240.76,,,,,quote
AAPL,2025-01-10T13:38:45.116880Z,,,,240.79,,100,,217240,quote
AAPL,2025-01-10T13:38:45.120486Z,,,,400,,400,,217243,quote
AAPL,2025-01-10T13:38:45.123970Z,,,,100,,100,,,quote
AAPL,2025-01-10T13:38:45.125530Z,,,,,,,,217247,quote
AAPL,2025-01-10T13:38:45.126861Z,,,,,,,,217248,quote
AAPL,2025-01-10T13:38:45.128418Z,,,,400,,400,,217249,quote
AAPL,2025-01-10T13:38:45.129676Z,,,,240.8,,,,217250,quote
AAPL,2025-01-10T13:38:45.131227Z,,,,240.79,,100,,217276,quote
AAPL,2025-01-10T13:38:45.134532Z,,,,240.84,,200,,,quote
AAPL,2025-01-10T13:38:45.135091Z,,,,240.79,,100,,,quote
AAPL,2025-01-10T13:38:53.989463Z,,,,240.9,,,,217566,quote
AAPL,2025-01-10T13:38:53.992717Z,,,,240.91,,,,217771,quote
AAPL,2025-01-10T13:38:53.995505Z,,,,240.9,,200,,217781,quote
AAPL,2025-01-10T13:38:53.999774Z,2025-01-10T13:38:47Z,,241,240.91,1000,100,1000,219572,quote
AAPL,2025-01-10T13:38:54.001587Z,,,,,,,,219573,quote
AAPL,2025-01-10T13:38:54.004540Z,2025-01-10T13:38:48Z,,,,900,,900,219673,quote
AAPL,2025-01-10T13:38:54.008526Z,,,,200,,200,,219696,quote
AAPL,2025-01-10T13:39:07.991209Z,2025-01-10T13:38:53Z,,240.95,240.88,,100,,219931,quote
AAPL,2025-01-10T13:39:07.994684Z,,,,,,,,219981,quote
AAPL,2025-01-10T13:39:07.997478Z,,,,240.91,,,,219986,quote
AAPL,2025-01-10T13:39:07.999744Z,,,,240.89,,,,220017,quote
AAPL,2025-01-10T13:39:08.001161Z,,,,,,,,220023,quote
AAPL,2025-01-10T13:39:08.003305Z,,,,,,,,220026,quote
AAPL,2025-01-10T13:39:08.006776Z,,,,,,,,220031,quote
AAPL,2025-01-10T13:39:08.009042Z,,,,240.88,,,,220032,quote
AAPL,2025-01-10T13:39:25.052099Z,,,,,,,,220048,quote
AAPL,2025-01-10T13:39:25.059636Z,,,,,,,,220068,quote
AAPL,2025-01-10T13:39:25.062484Z,,,,,1000,,1000,,quote
AAPL,2025-01-10T13:39:25.063858Z,,,,,,,,220071,quote
AAPL,2025-01-10T13:39:25.069888Z,,,,240.89,,,,,quote
AAPL,2025-01-10T13:39:25.071740Z,,,,,,,,220077,quote
AAPL,2025-01-10T13:39:25.074755Z,,,,240.92,900,,900,220169,quote
AAPL,2025-01-10T13:39:25.077470Z,,,,,,,,220172,quote
AAPL,2025-01-10T13:39:25.079610Z,,,,,,,,220175,quote
AAPL,2025-01-10T13:39:25.080626Z,,,,240.96,,200,,220270,quote
AAPL,2025-01-10T13:39:25.081468Z,,,,240.92,,100,,220290,quote
AAPL,2025-01-10T13:39:25.082243Z,,,,,,,,220297,quote
AAPL,2025-01-10T13:39:34.997665Z,,,,,,,,220311,quote
AAPL,2025-01-10T13:39:35.001066Z,2025-01-10T13:39:26Z,,240.99,,,,,220411,quote
AAPL,2025-01-10T13:39:35.004563Z,2025-01-10T13:39:29Z,,240.9991,,,,,220911,quote
AAPL,2025-01-10T13:39:35.007061Z,,,,240.96,,,,220913,quote
AAPL,2025-01-10T13:39:35.010124Z,,,,,,,,220922,quote
AAPL,2025-01-10T13:39:35.012523Z,,,,200,,200,,,quote
AAPL,2025-01-10T13:39:42.993327Z,2025-01-10T13:39:34Z,,241,,200,,200,227450,quote
AAPL,2025-01-10T13:39:42.996858Z,2025-01-10T13:39:35Z,,240.99,241,241.17,100,300,228040,quote
AAPL,2025-01-10T13:39:42.999803Z,,,,241.02,,,,,quote
AAPL,2025-01-10T13:39:43.000757Z,2025-01-10T13:39:38Z,,241.17,,200,,200,228646,quote
AAPL,2025-01-10T13:39:55.055677Z,,,,,,,,228735,quote
AAPL,2025-01-10T13:39:55.059077Z,,,,,,,,228736,quote
AAPL,2025-01-10T13:39:55.061419Z,,,,241.08,,,,228791,quote
AAPL,2025-01-10T13:39:55.063729Z,,,,,,,,228876,quote
AAPL,2025-01-10T13:39:55.066958Z,2025-01-10T13:39:47Z,,241.16,200,,200,,228977,quote
AAPL,2025-01-10T13:39:55.069838Z,,,,,,,,228988,quote
AAPL,2025-01-10T13:39:55.072682Z,,,,,,,,228993,quote
AAPL,2025-01-10T13:39:55.074969Z,,,,,,,,228994,quote
AAPL,2025-01-10T13:39:55.079871Z,,,,,,,,228998,quote
AAPL,2025-01-10T13:39:55.080524Z,,,,241.1,,100,,,quote
AAPL,2025-01-10T13:40:13.993685Z,,,,,,,,229004,quote
AAPL,2025-01-10T13:40:13.997772Z,,,,,,,,229006,quote
AAPL,2025-01-10T13:40:13.999301Z,,,,,,,,229007,quote
AAPL,2025-01-10T13:40:14.000694Z,2025-01-10T13:40:00Z,,241.17,241.12,100,,100,229119,quote
AAPL,2025-01-10T13:40:14.004143Z,2025-01-10T13:40:01Z,,,,241.25,,200,229294,quote
AAPL,2025-01-10T13:40:14.007780Z,,,,,,,,229296,quote
AAPL,2025-01-10T13:40:14.009570Z,,,,,,,,229299,quote
AAPL,2025-01-10T13:40:14.010981Z,,,,,,,,229300,quote
AAPL,2025-01-10T13:40:14.012990Z,,,,241.18,,,,229330,quote
AAPL,2025-01-10T13:40:22.087740Z,,,,,,,,229332,quote
AAPL,2025-01-10T13:40:22.091599Z,,,,,,,,229358,quote
AAPL,2025-01-10T13:40:22.093226Z,2025-01-10T13:40:17Z,,241.2501,241.25,241.43,2200,,229781,quote
AAPL,2025-01-10T13:40:22.095200Z,,,,,241.45,,,229782,quote
AAPL,2025-01-10T13:40:22.097422Z,,,,,241.43,,,,quote
AAPL,2025-01-10T13:40:22.099701Z,,,,,241.45,,,229805,quote
AAPL,2025-01-10T13:40:27.992593Z,,,,241.3,241.46,100,300,229876,quote
AAPL,2025-01-10T13:40:27.997646Z,2025-01-10T13:40:22Z,,241.456,,,,,229977,quote
AAPL,2025-01-10T13:40:27.999679Z,,,,200,,200,,,quote
AAPL,2025-01-10T13:40:28.001207Z,2025-01-10T13:40:25Z,,241.46,241.37,100,100,100,230127,quote
AAPL,2025-01-10T13:40:28.004019Z,,,,,241.45,,900,230132,quote
AAPL,2025-01-10T13:40:33.988868Z,2025-01-10T13:40:27Z,,,,241.5,,100,231430,quote
AAPL,2025-01-10T13:40:33.992725Z,,,,,,,,231435,quote
AAPL,2025-01-10T13:40:33.994919Z,2025-01-10T13:40:29Z,,241.5,241.47,,,,232155,quote
AAPL,2025-01-10T13:40:33.997534Z,,,,241.49,,,,,quote
AAPL,2025-01-10T13:40:34.006925Z,,,,,,,,232164,quote
AAPL,2025-01-10T13:40:34.008082Z,,,,,,,,232179,quote
AAPL,2025-01-10T13:40:42.989251Z,2025-01-10T13:40:33Z,,241.49,241.25,300,2200,300,232703,quote
AAPL,2025-01-10T13:40:42.993809Z,,,,,241.49,,200,232708,quote
AAPL,2025-01-10T13:40:42.996018Z,,,,,,,,232709,quote
AAPL,2025-01-10T13:40:43.006304Z,,,,,241.5,,100,,quote
AAPL,2025-01-10T13:40:43.008138Z,,,,,241.49,,200,232722,quote
AAPL,2025-01-10T13:40:43.008878Z,,,,,241.47,,,232723,quote
AAPL,2025-01-10T13:40:43.009450Z,,,,,241.45,,100,,quote
AAPL,2025-01-10T13:40:43.009976Z,,,,,,,,232724,quote
AAPL,2025-01-10T13:40:43.010468Z,,,,,,,,232731,quote
AAPL,2025-01-10T13:40:52.090876Z,,,,,,,,232732,quote
AAPL,2025-01-10T13:40:52.095804Z,,,,,241.44,,200,232759,quote
AAPL,2025-01-10T13:40:52.099206Z,,,,,241.43,,,232761,quote
AAPL,2025-01-10T13:40:52.100404Z,,,,,241.35,,100,232764,quote
AAPL,2025-01-10T13:40:52.101841Z,2025-01-10T13:40:47Z,,241.26,,,,,234543,quote
AAPL,2025-01-10T13:40:52.105125Z,,,,,,,,234544,quote
AAPL,2025-01-10T13:40:52.111910Z,,,,,,,,234546,quote
AAPL,2025-01-10T13:40:59.054076Z,2025-01-10T13:40:51Z,,241.33,241.26,,100,,234705,quote
AAPL,2025-01-10T13:40:59.059587Z,,,,241.25,,2300,,234706,quote
AAPL,2025-01-10T13:40:59.063370Z,,,,241.26,,100,,234731,quote
AAPL,2025-01-10T13:40:59.066491Z,,,,241.29,,,,234756,quote
AAPL,2025-01-10T13:40:59.067787Z,2025-01-10T13:40:54Z,,241.35,200,241.45,200,,234874,quote
AAPL,2025-01-10T13:40:59.070214Z,,,,241.33,200,100,200,234875,quote
AAPL,2025-01-10T13:41:16.989937Z,,,,,,,,234876,quote
AAPL,2025-01-10T13:41:16.993037Z,,,,200,,200,,,quote
AAPL,2025-01-10T13:41:16.995238Z,2025-01-10T13:41:01Z,,241.44,,,,,235376,quote
AAPL,2025-01-10T13:41:16.998610Z,,,,,,,,235379,quote
AAPL,2025-01-10T13:41:16.999980Z,,,,,,,,235396,quote
AAPL,2025-01-10T13:41:17.001209Z,,,,,,,,235401,quote
AAPL,2025-01-10T13:41:17.004816Z,,,,100,241.41,100,300,,quote
AAPL,2025-01-10T13:41:17.011507Z,,,,241.36,,,,235406,quote
AAPL,2025-01-10T13:41:21.991579Z,2025-01-10T13:41:16Z,,241.5,,241.5,,200,239136,quote
AAPL,2025-01-10T13:41:21.996608Z,,,,,,,,239139,quote
AAPL,2025-01-10T13:41:22.001498Z,2025-01-10T13:41:18Z,,241.4,,241.52,,,239339,quote
AAPL,2025-01-10T13:41:22.003596Z,,,,,241.57,,300,,quote
AAPL,2025-01-10T13:41:22.005033Z,2025-01-10T13:41:20Z,,241.38,,,,,239750,quote
AAPL,2025-01-10T13:41:35.090597Z,,,,,,,,239751,quote
AAPL,2025-01-10T13:41:35.095221Z,,,,241.41,,,,239754,quote
AAPL,2025-01-10T13:41:35.105218Z,,,,,,,,239756,quote
AAPL,2025-01-10T13:41:35.115259Z,,,,241.36,241.5,,400,239992,quote
AAPL,2025-01-10T13:41:35.116131Z,,,,,,,,239993,quote
AAPL,2025-01-10T13:41:35.116891Z,,,,241.41,,200,,,quote
,2025-01-10T13:41:35.118128Z,,2025-01-10T13:41:33Z,,,,,,,heartbeat
AAPL,2025-01-10T13:41:35.119126Z,,,,,,,,239999,quote
AAPL,2025-01-10T13:41:40.104532Z,2025-01-10T13:41:34Z,,241.48,,,,,240137,quote
AAPL,2025-01-10T13:41:40.110475Z,2025-01-10T13:41:35Z,,241.4978,,,,,240237,quote
AAPL,2025-01-10T13:41:40.121234Z,,,,,,,,240242,quote
AAPL,2025-01-10T13:41:40.124861Z,2025-01-10T13:41:37Z,,241.41,241.36,,100,,240537,quote
AAPL,2025-01-10T13:41:40.126517Z,,,,,,,,240548,quote
AAPL,2025-01-10T13:41:55.065662Z,2025-01-10T13:41:39Z,,241.44,,241.49,,100,240656,quote
AAPL,2025-01-10T13:41:55.068805Z,,,,,,,,240657,quote
AAPL,2025-01-10T13:41:55.078818Z,,,,,241.5,,400,240658,quote
AAPL,2025-01-10T13:41:55.079937Z,,,,,,,,240659,quote
AAPL,2025-01-10T13:41:55.081075Z,,,,241.4,,,,240661,quote
AAPL,2025-01-10T13:41:55.081930Z,,,,,,,,240761,quote
AAPL,2025-01-10T13:41:55.083017Z,,,,,,,,240762,quote
AAPL,2025-01-10T13:41:55.084179Z,,,,,,,,240814,quote
AAPL,2025-01-10T13:41:55.085645Z,,,,,,,,240842,quote
AAPL,2025-01-10T13:42:10.122075Z,,,,,241.49,,100,240843,quote
AAPL,2025-01-10T13:42:10.126320Z,,,,,241.5,,400,240844,quote
AAPL,2025-01-10T13:42:10.128914Z,,,,,,,,240845,quote
AAPL,2025-01-10T13:42:10.132015Z,,,,,,,,240857,quote
AAPL,2025-01-10T13:42:10.134431Z,,,,,,,,240877,quote
AAPL,2025-01-10T13:42:10.137086Z,,,,,500,,500,,quote
AAPL,2025-01-10T13:42:10.139719Z,,,,,,,,241095,quote
AAPL,2025-01-10T13:42:10.141057Z,2025-01-10T13:42:04Z,,241.4874,,,,,241195,quote
AAPL,2025-01-10T13:42:10.144126Z,,,,,,,,241255,quote
AAPL,2025-01-10T13:42:10.146474Z,,,,241.38,,,,241265,quote
AAPL,2025-01-10T13:42:24.046753Z,,,,,,,,241275,quote
AAPL,2025-01-10T13:42:24.049872Z,,,,,,,,241295,quote
AAPL,2025-01-10T13:42:24.052144Z,,,,241.4,,,,241306,quote
AAPL,2025-01-10T13:42:24.055792Z,,,,,,,,241316,quote
AAPL,2025-01-10T13:42:24.057301Z,,,,241.38,,,,,quote
AAPL,2025-01-10T13:42:24.058531Z,,,,,,,,241317,quote
AAPL,2025-01-10T13:42:24.060597Z,,,,,,,,241318,quote
AAPL,2025-01-10T13:42:24.063034Z,,,,,,,,241320,quote
AAPL,2025-01-10T13:42:24.065255Z,,,,,,,,241321,quote
AAPL,2025-01-10T13:42:24.066618Z,,,,,600,,600,241323,quote
AAPL,2025-01-10T13:42:24.067791Z,,,,241.36,241.48,,100,241550,quote
AAPL,2025-01-10T13:42:24.069165Z,,,,,200,,200,241551,quote
AAPL,2025-01-10T13:42:33.992040Z,2025-01-10T13:42:23Z,,241.25,241.21,241.47,200,100,242209,quote
AAPL,2025-01-10T13:42:33.998229Z,,,,241.17,200,,200,,quote
AAPL,2025-01-10T13:42:33.999718Z,,,,241.16,,,,242210,quote
AAPL,2025-01-10T13:42:34.002630Z,,,,,241.36,,100,242226,quote
AAPL,2025-01-10T13:42:34.006079Z,,,,,,,,242277,quote
AAPL,2025-01-10T13:42:34.007553Z,,,,241.15,,,,242278,quote
AAPL,2025-01-10T13:42:34.008692Z,,,,241.16,,,,,quote
AAPL,2025-01-10T13:42:45.077428Z,2025-01-10T13:42:33Z,,241.21,241.12,,,,242413,quote
AAPL,2025-01-10T13:42:45.079487Z,,,,241.13,,,,,quote
AAPL,2025-01-10T13:42:45.081028Z,,,,241.15,,,,,quote
AAPL,2025-01-10T13:42:45.082022Z,,,,241.14,,,,,quote
AAPL,2025-01-10T13:42:45.082741Z,,,,,,,,242418,quote
AAPL,2025-01-10T13:42:45.083477Z,,,,241.15,,,,,quote
AAPL,2025-01-10T13:42:45.084668Z,,,,241.17,,100,,242468,quote
AAPL,2025-01-10T13:42:45.086080Z,,,,241.14,,200,,,quote
AAPL,2025-01-10T13:42:45.087646Z,,,,241.19,,,,242469,quote
AAPL,2025-01-10T13:42:54.992412Z,2025-01-10T13:42:44Z,,241.1711,241.12,,100,,243770,quote
AAPL,2025-01-10T13:42:55.002157Z,,,,241.14,,200,,243778,quote
AAPL,2025-01-10T13:42:55.003666Z,,,,241.16,,100,,,quote
AAPL,2025-01-10T13:42:55.005120Z,,,,300,,300,,,quote
AAPL,2025-01-10T13:42:55.007333Z,,,,100,,100,,,quote
AAPL,2025-01-10T13:42:55.010177Z,,,,241.21,,,,243788,quote
AAPL,2025-01-10T13:42:55.012406Z,,,,300,,300,,,quote
AAPL,2025-01-10T13:42:55.014994Z,,,,100,,100,,,quote
AAPL,2025-01-10T13:43:06.067013Z,,,,,,,,243789,quote
AAPL,2025-01-10T13:43:06.071231Z,,,,241.22,,300,,243790,quote
AAPL,2025-01-10T13:43:06.074094Z,2025-01-10T13:42:56Z,,241.3599,241.21,,100,,243991,quote
AAPL,2025-01-10T13:43:06.076212Z,,,,200,,200,,244001,quote
AAPL,2025-01-10T13:43:06.085368Z,,,,241.22,,100,,,quote
AAPL,2025-01-10T13:43:06.086918Z,,,,241.18,,200,,,quote
AAPL,2025-01-10T13:43:06.088356Z,,,,241.21,,,,,quote
AAPL,2025-01-10T13:43:06.089518Z,,,,241.19,,,,,quote
AAPL,2025-01-10T13:43:16.004276Z,2025-01-10T13:43:05Z,,241.36,241.17,,100,,245002,quote
AAPL,2025-01-10T13:43:16.008934Z,,,,300,,300,,,quote
AAPL,2025-01-10T13:43:16.011766Z,,,,200,,200,,245003,quote
AAPL,2025-01-10T13:43:16.020415Z,,,,241.16,241.32,100,,245104,quote
AAPL,2025-01-10T13:43:16.022560Z,2025-01-10T13:43:10Z,,241.3199,,,,,245204,quote
AAPL,2025-01-10T13:43:16.023751Z,,,,241.23,,,,,quote
AAPL,2025-01-10T13:43:23.065149Z,,,,,241.39,,,,quote
AAPL,2025-01-10T13:43:23.076106Z,,,,241.19,241.4,200,,245206,quote
AAPL,2025-01-10T13:43:23.082223Z,2025-01-10T13:43:18Z,,241.25,241.17,241.44,,200,246106,quote
AAPL,2025-01-10T13:43:23.085334Z,,,,241.16,241.4,300,,,quote
AAPL,2025-01-10T13:43:23.088266Z,,,,,,,,246181,quote
AAPL,2025-01-10T13:43:23.089387Z,,,,100,241.41,100,,,quote
AAPL,2025-01-10T13:43:29.106867Z,,,,,241.39,,100,246201,quote
AAPL,2025-01-10T13:43:29.110541Z,2025-01-10T13:43:23Z,,241.3,,,,,246602,quote
AAPL,2025-01-10T13:43:29.113918Z,,,,,,,,246611,quote
AAPL,2025-01-10T13:43:29.115470Z,2025-01-10T13:43:25Z,,241.16,241.12,241.3,200,,247113,quote
AAPL,2025-01-10T13:43:29.116534Z,,,,241.06,,100,,247282,quote
AAPL,2025-01-10T13:43:40.067923Z,,,,300,,300,,247284,quote
AAPL,2025-01-10T13:43:40.071479Z,,,,241.08,,200,,247309,quote
AAPL,2025-01-10T13:43:40.073328Z,2025-01-10T13:43:32Z,,,241.1,,,,247409,quote
AAPL,2025-01-10T13:43:40.077515Z,,,,241.09,,,,,quote
AAPL,2025-01-10T13:43:40.079868Z,,,,241.07,,,,247410,quote
AAPL,2025-01-10T13:43:40.081643Z,,,,241.08,,,,,quote
AAPL,2025-01-10T13:43:40.082731Z,,,,241.07,,,,,quote
AAPL,2025-01-10T13:43:40.085039Z,,,,241.06,300,100,300,247633,quote
AAPL,2025-01-10T13:43:44.055398Z,2025-01-10T13:43:38Z,,241.08,241.05,241.24,200,100,247972,quote
AAPL,2025-01-10T13:43:44.058772Z,,,,,241.3,,,,quote
AAPL,2025-01-10T13:43:44.060939Z,,,,,241.16,,200,247977,quote
AAPL,2025-01-10T13:43:44.064953Z,2025-01-10T13:43:42Z,,241.25,241.25,241.35,1000,100,248727,quote
AAPL,2025-01-10T13:43:55.001549Z,,,,,200,,200,248731,quote
AAPL,2025-01-10T13:43:55.010477Z,2025-01-10T13:43:43Z,,,900,,900,,248849,quote
AAPL,2025-01-10T13:43:55.012192Z,,,,,,,,248850,quote
AAPL,2025-01-10T13:43:55.014508Z,,,,,,,,248924,quote
AAPL,2025-01-10T13:43:55.015510Z,,,,,,,,248931,quote
AAPL,2025-01-10T13:43:55.019526Z,,,,,,,,248932,quote
AAPL,2025-01-10T13:43:55.022073Z,2025-01-10T13:43:50Z,,241.3,241.3,,,,249083,quote
AAPL,2025-01-10T13:43:55.023420Z,,,,,,,,249089,quote
AAPL,2025-01-10T13:43:57.986589Z,2025-01-10T13:43:53Z,,241.35,241.35,241.49,800,100,250520,quote
AAPL,2025-01-10T13:43:57.990352Z,,,,,241.5,,,250523,quote
AAPL,2025-01-10T13:43:57.991488Z,2025-01-10T13:43:56Z,,,600,,600,,251187,quote
AAPL,2025-01-10T13:44:09.042114Z,2025-01-10T13:43:57Z,,241.4,241.11,241.41,200,200,251996,quote
AAPL,2025-01-10T13:44:09.047751Z,,,,241.12,,,,,quote
AAPL,2025-01-10T13:44:09.049935Z,,,,241.11,,,,252000,quote
AAPL,2025-01-10T13:44:09.052736Z,,,,241.08,241.42,,,,quote
AAPL,2025-01-10T13:44:09.060803Z,,,,241.11,241.4,,,,quote
AAPL,2025-01-10T13:44:09.062971Z,,,,241.14,100,,100,252002,quote
AAPL,2025-01-10T13:44:09.064128Z,,,,,241.42,,200,252006,quote
AAPL,2025-01-10T13:44:09.065016Z,,,,241.15,241.44,,,252007,quote
AAPL,2025-01-10T13:44:09.066037Z,,,,241.17,241.42,,100,,quote
AAPL,2025-01-10T13:44:21.022052Z,2025-01-10T13:44:08Z,,241.42,241.18,,,,252211,quote
AAPL,2025-01-10T13:44:21.025183Z,,,,241.19,,,,252261,quote
AAPL,2025-01-10T13:44:21.027029Z,,,,,,,,252262,quote
AAPL,2025-01-10T13:44:21.028676Z,,,,241.23,,,,,quote
AAPL,2025-01-10T13:44:21.030699Z,,,,241.2,,,,,quote
AAPL,2025-01-10T13:44:21.031633Z,,,,241.19,,,,,quote
AAPL,2025-01-10T13:44:21.032820Z,,,,241.23,,,,252263,quote
AAPL,2025-01-10T13:44:21.034206Z,,,,241.17,,,,252267,quote
AAPL,2025-01-10T13:44:21.036123Z,,,,241.19,,,,,quote
AAPL,2025-01-10T13:44:21.040357Z,,,,241.18,,,,,quote
AAPL,2025-01-10T13:44:31.992005Z,,,,241.2,,,,,quote
AAPL,2025-01-10T13:44:31.997789Z,,,,241.22,,,,252268,quote
AAPL,2025-01-10T13:44:32.000109Z,2025-01-10T13:44:22Z,,241.23,241.16,,,,252798,quote
AAPL,2025-01-10T13:44:32.003112Z,,,,241.17,,,,,quote
AAPL,2025-01-10T13:44:32.005624Z,,,,241.16,,,,,quote
AAPL,2025-01-10T13:44:32.006703Z,,,,241.2,,,,,quote
AAPL,2025-01-10T13:44:32.011492Z,,,,241.15,,,,252803,quote
AAPL,2025-01-10T13:44:32.014472Z,,,,,,,,252806,quote
AAPL,2025-01-10T13:44:32.017200Z,,,,241.2,,,,252821,quote
AAPL,2025-01-10T13:44:41.094169Z,,,,241.14,,,,,quote
AAPL,2025-01-10T13:44:41.100188Z,,,,,241.38,,200,,quote
AAPL,2025-01-10T13:44:41.102939Z,,,,241.13,241.4,,100,252884,quote
AAPL,2025-01-10T13:44:41.106062Z,,,,,,,,252886,quote
AAPL,2025-01-10T13:44:41.113238Z,,,,241.11,200,,200,252892,quote
AAPL,2025-01-10T13:44:41.114836Z,,,,241.09,241.39,,,252893,quote
AAPL,2025-01-10T13:44:41.116071Z,,,,,241.4,,100,252905,quote
AAPL,2025-01-10T13:44:41.120720Z,,,,241.1,241.39,,200,252907,quote
AAPL,2025-01-10T13:44:53.991329Z,,,,,241.4,,,252927,quote
AAPL,2025-01-10T13:44:53.995362Z,,,,,241.36,,100,,quote
AAPL,2025-01-10T13:44:53.997592Z,,,,241.08,241.35,100,,,quote
AAPL,2025-01-10T13:44:53.999041Z,,,,241.12,,200,,252929,quote
AAPL,2025-01-10T13:44:54.000351Z,,,,241.13,,,,,quote
AAPL,2025-01-10T13:44:54.002211Z,,,,241.11,,,,,quote
AAPL,2025-01-10T13:44:54.003867Z,,,,241.08,,100,,,quote
AAPL,2025-01-10T13:44:54.008769Z,,,,241.12,241.36,200,,252949,quote
AAPL,2025-01-10T13:44:54.011910Z,,,,241.08,,,,,quote
AAPL,2025-01-10T13:44:54.014301Z,,,,,300,,300,252954,quote
AAPL,2025-01-10T13:45:00.036963Z,,,,241.09,241.34,,200,252955,quote
AAPL,2025-01-10T13:45:00.045550Z,,,,241.1,241.36,400,300,,quote
AAPL,2025-01-10T13:45:00.047566Z,,,,241.22,100,600,100,253051,quote
AAPL,2025-01-10T13:45:00.048781Z,,,,,,,,253061,quote
AAPL,2025-01-10T13:45:00.050085Z,,,,,241.3,,,,quote
AAPL,2025-01-10T13:45:00.051435Z,2025-01-10T13:44:58Z,,241.24,,,,,253163,quote
AAPL,2025-01-10T13:45:14.069705Z,2025-01-10T13:44:59Z,,241.2999,,,,,253267,quote
AAPL,2025-01-10T13:45:14.074643Z,,,,,,,,253272,quote
AAPL,2025-01-10T13:45:14.077464Z,,,,,,,,253293,quote
AAPL,2025-01-10T13:45:14.082160Z,,,,,,,,253294,quote
AAPL,2025-01-10T13:45:14.085777Z,,,,500,,500,,253480,quote
AAPL,2025-01-10T13:45:14.087468Z,,,,,,,,253481,quote
AAPL,2025-01-10T13:45:14.089208Z,,,,,,,,253496,quote
AAPL,2025-01-10T13:45:14.096275Z,,,,241.26,,300,,,quote
AAPL,2025-01-10T13:45:35.059026Z,2025-01-10T13:45:13Z,,241.3,,241.42,,,253735,quote
AAPL,2025-01-10T13:45:35.068770Z,2025-01-10T13:45:14Z,,241.28,,,,,253888,quote
AAPL,2025-01-10T13:45:35.070296Z,,,,,,,,253889,quote
AAPL,2025-01-10T13:45:35.072340Z,,,,,,,,253890,quote
AAPL,2025-01-10T13:45:35.073525Z,,,,,,,,253911,quote
AAPL,2025-01-10T13:45:35.075567Z,,,,,,,,253926,quote
AAPL,2025-01-10T13:45:35.079845Z,,,,,,,,253949,quote
AAPL,2025-01-10T13:45:35.081844Z,,,,,,,,253950,quote
AAPL,2025-01-10T13:45:35.084133Z,,,,,,,,253951,quote
,2025-01-10T13:45:35.086285Z,,2025-01-10T13:45:32Z,,,,,,,heartbeat
AAPL,2025-01-10T13:45:35.088694Z,,,,,,,,254030,quote
AAPL,2025-01-10T13:45:53.085577Z,,,,,,,,254053,quote
AAPL,2025-01-10T13:45:53.089500Z,,,,241.27,,200,,,quote
AAPL,2025-01-10T13:45:53.091072Z,,,,241.26,,300,,254067,quote
AAPL,2025-01-10T13:45:53.092761Z,,,,,,,,254087,quote
AAPL,2025-01-10T13:45:53.094451Z,,,,241.34,,,,,quote
AAPL,2025-01-10T13:45:53.095471Z,,,,,,,,254144,quote
AAPL,2025-01-10T13:45:53.097637Z,,,,,,,,254146,quote
AAPL,2025-01-10T13:45:53.098721Z,,,,,,,,254147,quote
AAPL,2025-01-10T13:45:53.102403Z,,,,,,,,254148,quote
AAPL,2025-01-10T13:45:53.103725Z,,,,,,,,254151,quote
AAPL,2025-01-10T13:45:53.106187Z,,,,200,,200,,254158,quote
AAPL,2025-01-10T13:45:53.108874Z,,,,,,,,254171,quote
AAPL,2025-01-10T13:46:09.053705Z,,,,241.38,,300,,254197,quote
AAPL,2025-01-10T13:46:09.057402Z,2025-01-10T13:45:53Z,,241.38,100,,100,,254397,quote
,2025-01-10T13:46:09.060995Z,,2025-01-10T13:45:59Z,,,,,,,heartbeat
,2025-01-10T13:46:09.069265Z,,2025-01-10T13:46:04Z,,,,,,,heartbeat
AAPL,2025-01-10T13:46:09.071645Z,,,,,,,,254400,quote
AAPL,2025-01-10T13:46:09.073162Z,,,,241.27,,200,,,quote
AAPL,2025-01-10T13:46:09.076112Z,,,,241.33,,,,254431,quote
AAPL,2025-01-10T13:46:14.075043Z,2025-01-10T13:46:08Z,,241.42,,241.47,,200,254647,quote
AAPL,2025-01-10T13:46:14.078386Z,2025-01-10T13:46:09Z,,241.47,,,,,255403,quote
AAPL,2025-01-10T13:46:14.081341Z,,,,241.32,,100,,255408,quote
AAPL,2025-01-10T13:46:14.082551Z,,,,,,,,255409,quote
AAPL,2025-01-10T13:46:14.084378Z,,,,,,,,255410,quote
AAPL,2025-01-10T13:46:25.012368Z,2025-01-10T13:46:13Z,,,241.39,241.5,,100,255980,quote
AAPL,2025-01-10T13:46:25.020626Z,,,,241.32,,,,256045,quote
AAPL,2025-01-10T13:46:25.022946Z,,,,241.33,200,,200,256049,quote
AAPL,2025-01-10T13:46:25.026402Z,,,,,,,,256065,quote
AAPL,2025-01-10T13:46:25.029309Z,,,,241.34,,,,,quote
AAPL,2025-01-10T13:46:25.030743Z,,,,241.38,,,,256066,quote
AAPL,2025-01-10T13:46:37.991822Z,2025-01-10T13:46:24Z,,241.5,241.49,241.57,,300,257278,quote
AAPL,2025-01-10T13:46:37.996392Z,,,,241.38,,,,257343,quote
AAPL,2025-01-10T13:46:37.997771Z,,,,,,,,257393,quote
AAPL,2025-01-10T13:46:37.998951Z,,,,,,,,257414,quote
AAPL,2025-01-10T13:46:38.000553Z,,,,,,,,257418,quote
AAPL,2025-01-10T13:46:38.002562Z,,,,,,,,257438,quote
AAPL,2025-01-10T13:46:38.010866Z,,,,241.36,,200,,257489,quote
AAPL,2025-01-10T13:46:38.013436Z,,,,,,,,257490,quote
AAPL,2025-01-10T13:46:38.014292Z,,,,241.35,,,,257500,quote
AAPL,2025-01-10T13:46:38.015692Z,,,,241.33,,,,257600,quote
AAPL,2025-01-10T13:46:38.016858Z,,,,241.31,,400,,,quote
AAPL,2025-01-10T13:46:50.986972Z,,,,241.38,,200,,,quote
AAPL,2025-01-10T13:46:50.991443Z,,,,241.34,,,,257603,quote
AAPL,2025-01-10T13:46:50.993225Z,,,,241.32,,,,,quote
AAPL,2025-01-10T13:46:51.000606Z,,,,241.34,,,,,quote
AAPL,2025-01-10T13:46:51.006599Z,,,,241.32,,,,257604,quote
AAPL,2025-01-10T13:46:51.008096Z,,,,,,,,257641,quote
AAPL,2025-01-10T13:46:51.009746Z,,,,241.33,241.56,,100,,quote
AAPL,2025-01-10T13:46:51.011217Z,,,,241.35,,,,,quote
AAPL,2025-01-10T13:46:51.012834Z,,,,400,,400,,,quote
AAPL,2025-01-10T13:46:51.013956Z,,,,241.29,241.5,200,,,quote
AAPL,2025-01-10T13:46:51.016143Z,,,,241.3,241.51,,,257658,quote
AAPL,2025-01-10T13:47:01.075850Z,,,,241.32,,,,,quote
AAPL,2025-01-10T13:47:01.079903Z,,,,241.3,,,,257659,quote
AAPL,2025-01-10T13:47:01.081367Z,,,,241.23,,,,257755,quote
AAPL,2025-01-10T13:47:01.083102Z,,,,241.22,,500,,257764,quote
AAPL,2025-01-10T13:47:01.084728Z,,,,241.24,,200,,257774,quote
AAPL,2025-01-10T13:47:01.086306Z,,,,241.23,241.5,400,,,quote
AAPL,2025-01-10T13:47:01.087932Z,,,,200,,200,,257775,quote
AAPL,2025-01-10T13:47:01.088813Z,,,,241.25,241.51,,,,quote
AAPL,2025-01-10T13:47:01.090021Z,,,,241.22,241.5,500,,,quote
AAPL,2025-01-10T13:47:07.114760Z,,,,241.23,,200,,,quote
AAPL,2025-01-10T13:47:07.118003Z,,,,241.24,,,,,quote
AAPL,2025-01-10T13:47:07.133286Z,,,,241.25,200,,200,257776,quote
AAPL,2025-01-10T13:47:07.139927Z,,,,241.22,100,500,100,,quote
AAPL,2025-01-10T13:47:07.141619Z,2025-01-10T13:47:04Z,,241.36,,241.49,,200,257974,quote
AAPL,2025-01-10T13:47:07.143537Z,,,,,400,,400,,quote
AAPL,2025-01-10T13:47:10.082466Z,2025-01-10T13:47:06Z,,241.28,,241.48,,,258200,quote
AAPL,2025-01-10T13:47:10.085987Z,2025-01-10T13:47:07Z,,241.22,300,241.44,300,200,258566,quote
AAPL,2025-01-10T13:47:10.087952Z,2025-01-10T13:47:08Z,,241.08,241.05,241.37,100,400,259872,quote
AAPL,2025-01-10T13:47:16.111406Z,,,,,241.36,,200,,quote
AAPL,2025-01-10T13:47:16.114624Z,,,,,241.22,,100,,quote
AAPL,2025-01-10T13:47:16.116108Z,,,,,,,,259879,quote
AAPL,2025-01-10T13:47:16.117477Z,,,,,,,,259885,quote
AAPL,2025-01-10T13:47:16.118924Z,,,,,,,,259887,quote
AAPL,2025-01-10T13:47:16.120341Z,2025-01-10T13:47:14Z,,241.07,241.03,,200,,260247,quote
