symbol,received_time,trade_time,server_time,last,bid,ask,bid_size,ask_size,volume,type
QQQ,2025-01-11T00:35:45.100118Z,2025-01-11T00:35:22Z,,506.55,506.51,506.57,100,300,40517116,quote
SPY,2025-01-11T00:35:45.102298Z,2025-01-11T00:26:40Z,,579.9,579.7,579.87,300,100,73098468,quote
AAPL,2025-01-11T00:35:52.062618Z,2025-01-11T00:34:17Z,,237,236.98,237.02,100,100,61698987,quote
SPY,2025-01-11T00:35:52.065630Z,,,,,,,,73098470,quote
SPY,2025-01-11T00:35:52.066775Z,,,,,,,,73098471,quote
SPY,2025-01-11T00:36:25.008973Z,,,,,,,,73098472,quote
AAPL,2025-01-11T00:36:25.013423Z,,,,,,,,61699007,quote
AAPL,2025-01-11T00:36:25.016162Z,,,,,237.01,,,61699010,quote
QQQ,2025-01-11T00:36:25.036797Z,,,,200,,200,,,quote
,2025-01-11T00:36:25.038085Z,,2025-01-11T00:36:00Z,,,,,,,heartbeat
QQQ,2025-01-11T00:36:25.038915Z,,,,,,,,40517117,quote
AAPL,2025-01-11T00:36:25.039616Z,,,,,,,,61699011,quote
,2025-01-11T00:36:25.040250Z,,2025-01-11T00:36:10Z,,,,,,,heartbeat
,2025-01-11T00:36:25.040590Z,,2025-01-11T00:36:16Z,,,,,,,heartbeat
AAPL,2025-01-11T00:36:25.040936Z,,,,,,,,61699017,quote
AAPL,2025-01-11T00:36:25.041263Z,,,,,,,,61699018,quote
SPY,2025-01-11T00:36:25.041602Z,,,,,,,,73098473,quote
QQQ,2025-01-11T00:36:40.008010Z,,,,,,,,40517118,quote
AAPL,2025-01-11T00:36:40.013598Z,,,,,,,,61699020,quote
QQQ,2025-01-11T00:36:40.016064Z,,,,506.5,,1000,,,quote
AAPL,2025-01-11T00:36:40.017647Z,,,,,,,,61699050,quote
QQQ,2025-01-11T00:36:40.034557Z,2025-01-11T00:36:28Z,,506.57,,200,,200,40517302,quote
AAPL,2025-01-11T00:36:40.035064Z,,,,,,,,61699120,quote
AAPL,2025-01-11T00:36:40.035409Z,,,,,,,,61699121,quote
AAPL,2025-01-11T00:36:40.035744Z,,,,,,,,61699123,quote
SPY,2025-01-11T00:36:40.036079Z,,,,,,,,73098474,quote
AAPL,2025-01-11T00:37:13.011127Z,,,,,,,,61699125,quote
SPY,2025-01-11T00:37:13.028456Z,,,,,,,,73098475,quote
SPY,2025-01-11T00:37:13.031272Z,,,,,,,,73098481,quote
SPY,2025-01-11T00:37:13.033960Z,,,,,,,,73098482,quote
SPY,2025-01-11T00:37:13.035171Z,,,,,,,,73098483,quote
,2025-01-11T00:37:13.035981Z,,2025-01-11T00:36:54Z,,,,,,,heartbeat
QQQ,2025-01-11T00:37:13.036815Z,,,,,,,,40517305,quote
SPY,2025-01-11T00:37:13.037541Z,,,,,,,,73098493,quote
,2025-01-11T00:37:13.038474Z,,2025-01-11T00:37:04Z,,,,,,,heartbeat
AAPL,2025-01-11T00:37:13.039749Z,,,,,,,,61699176,quote
SPY,2025-01-11T00:37:13.040557Z,,,,,,,,73098495,quote
AAPL,2025-01-11T00:37:13.041261Z,,,,,,,,61699177,quote
SPY,2025-01-11T00:37:13.041815Z,,,,,,,,73098496,quote
,2025-01-11T00:37:34.054376Z,,2025-01-11T00:37:13Z,,,,,,,heartbeat
AAPL,2025-01-11T00:37:34.057957Z,,,,,,,,61699182,quote
SPY,2025-01-11T00:37:34.062462Z,,,,,,,,73098497,quote
AAPL,2025-01-11T00:37:34.064663Z,,,,236.99,,,,,quote
QQQ,2025-01-11T00:37:34.065900Z,,,,,,,,40517313,quote
AAPL,2025-01-11T00:37:34.067056Z,,,,,,,,61699183,quote
QQQ,2025-01-11T00:37:34.069824Z,,,,,,,,40517319,quote
SPY,2025-01-11T00:37:34.073702Z,,,,,,,,73098498,quote
AAPL,2025-01-11T00:37:34.075914Z,,,,,,,,61699184,quote
QQQ,2025-01-11T00:37:34.076770Z,2025-01-11T00:37:28Z,,,,,,,40517426,quote
AAPL,2025-01-11T00:37:55.046765Z,,,,,,,,61699207,quote
SPY,2025-01-11T00:37:55.049343Z,,,,,,,,73098552,quote
AAPL,2025-01-11T00:37:55.051190Z,,,,236.95,,300,,61699225,quote
SPY,2025-01-11T00:37:55.055098Z,,,,,,,,73098553,quote
SPY,2025-01-11T00:37:55.057713Z,,,,,,,,73098589,quote
AAPL,2025-01-11T00:37:55.059334Z,,,,,,,,61699352,quote
QQQ,2025-01-11T00:37:55.060223Z,,,,,,,,40517427,quote
AAPL,2025-01-11T00:37:55.060953Z,,,,,,,,61699354,quote
SPY,2025-01-11T00:37:55.061638Z,,,,,,,,73098590,quote
,2025-01-11T00:37:55.062370Z,,2025-01-11T00:37:50Z,,,,,,,heartbeat
SPY,2025-01-11T00:37:55.063266Z,,,,,,,,73098594,quote
QQQ,2025-01-11T00:38:07.029059Z,,,,,100,,100,40517457,quote
SPY,2025-01-11T00:38:07.031863Z,,,,,,,,73098595,quote
SPY,2025-01-11T00:38:07.081061Z,,,,,,,,73098599,quote
AAPL,2025-01-11T00:38:07.081588Z,,,,,,,,61699355,quote
SPY,2025-01-11T00:38:07.082146Z,2025-01-11T00:38:01Z,,579.87,,,,,73098713,quote
QQQ,2025-01-11T00:38:07.082540Z,,,,,,,,40517477,quote
QQQ,2025-01-11T00:38:07.082857Z,,,,,,,,40517479,quote
AAPL,2025-01-11T00:38:07.083357Z,,,,,,,,61699356,quote
AAPL,2025-01-11T00:38:07.083764Z,,,,,,,,61699358,quote
SPY,2025-01-11T00:38:34.008793Z,,,,,,,,73098718,quote
SPY,2025-01-11T00:38:34.010365Z,,,,,,,,73098719,quote
,2025-01-11T00:38:34.012711Z,,2025-01-11T00:38:14Z,,,,,,,heartbeat
QQQ,2025-01-11T00:38:34.014128Z,,,,,,,,40517480,quote
SPY,2025-01-11T00:38:34.015271Z,,,,,,,,73098720,quote
QQQ,2025-01-11T00:38:34.016289Z,,,,,,,,40517491,quote
QQQ,2025-01-11T00:38:34.017415Z,,,,,,,,40517492,quote
SPY,2025-01-11T00:38:34.019031Z,,,,,,,,73098721,quote
,2025-01-11T00:38:34.020640Z,,2025-01-11T00:38:24Z,,,,,,,heartbeat
AAPL,2025-01-11T00:38:34.021888Z,,,,,,,,61699359,quote
AAPL,2025-01-11T00:38:34.022990Z,,,,,,,,61699360,quote
QQQ,2025-01-11T00:38:34.023853Z,,,,,,,,40517502,quote
AAPL,2025-01-11T00:38:34.024603Z,,,,,,,,61699361,quote
AAPL,2025-01-11T00:38:56.006983Z,,,,,,,,61699362,quote
SPY,2025-01-11T00:38:56.010923Z,,,,,,,,73098724,quote
AAPL,2025-01-11T00:38:56.013960Z,,,,,,,,61699363,quote
SPY,2025-01-11T00:38:56.016454Z,,,,,,,,73098763,quote
AAPL,2025-01-11T00:38:56.018384Z,,,,,,,,61699364,quote
AAPL,2025-01-11T00:38:56.021825Z,,,,,,,,61699365,quote
AAPL,2025-01-11T00:38:56.024258Z,,,,,,,,61699366,quote
QQQ,2025-01-11T00:38:56.025697Z,,,,,,,,40517505,quote
AAPL,2025-01-11T00:38:56.027224Z,,,,,,,,61699373,quote
SPY,2025-01-11T00:38:56.028564Z,,,,,,,,73098764,quote
SPY,2025-01-11T00:38:56.029521Z,,,,,,,,73098785,quote
SPY,2025-01-11T00:38:56.030371Z,,,,,,,,73098786,quote
SPY,2025-01-11T00:38:56.031274Z,,,,,,,,73098791,quote
AAPL,2025-01-11T00:39:22.089053Z,,,,,,,,61699374,quote
QQQ,2025-01-11T00:39:22.092219Z,,,,,,,,40517506,quote
AAPL,2025-01-11T00:39:22.094521Z,,,,600,,600,,,quote
SPY,2025-01-11T00:39:22.098114Z,,,,,,,,73098792,quote
AAPL,2025-01-11T00:39:22.099832Z,,,,,,,,61699375,quote
AAPL,2025-01-11T00:39:22.101619Z,,,,,,,,61699378,quote
QQQ,2025-01-11T00:39:22.102580Z,,,,,,,,40517513,quote
SPY,2025-01-11T00:39:22.103394Z,,,,,,,,73098794,quote
AAPL,2025-01-11T00:39:22.104149Z,,,,,,,,61699381,quote
SPY,2025-01-11T00:39:22.104942Z,,,,,,,,73098795,quote
AAPL,2025-01-11T00:39:22.105630Z,,,,,,,,61699383,quote
SPY,2025-01-11T00:39:22.106301Z,,,,,,,,73098796,quote
QQQ,2025-01-11T00:39:22.106987Z,,,,,,,,40517514,quote
QQQ,2025-01-11T00:39:37.045127Z,,,,,,,,40517526,quote
SPY,2025-01-11T00:39:37.047921Z,,,,,,,,73098798,quote
QQQ,2025-01-11T00:39:37.050293Z,,,,,200,,200,40517530,quote
QQQ,2025-01-11T00:39:37.053042Z,,,,,,,,40517532,quote
SPY,2025-01-11T00:39:37.055023Z,,,,,,,,73098799,quote
SPY,2025-01-11T00:39:37.056031Z,,,,,,,,73098800,quote
AAPL,2025-01-11T00:39:37.061116Z,,,,,,,,61699384,quote
AAPL,2025-01-11T00:39:37.062053Z,,,,,,,,61699387,quote
SPY,2025-01-11T00:39:37.062372Z,2025-01-11T00:39:32Z,,579.785,,,,,73099000,quote
SPY,2025-01-11T00:39:37.062712Z,,,,,,,,73099001,quote
SPY,2025-01-11T00:39:59.011497Z,,,,,,,,73099014,quote
AAPL,2025-01-11T00:39:59.015311Z,,,,,,,,61699481,quote
QQQ,2025-01-11T00:39:59.018059Z,,,,,,,,40517533,quote
SPY,2025-01-11T00:39:59.021448Z,,,,,,,,73099015,quote
QQQ,2025-01-11T00:39:59.024660Z,,,,,,,,40517535,quote
QQQ,2025-01-11T00:39:59.026557Z,,,,506.55,100,400,100,40517562,quote
,2025-01-11T00:39:59.028144Z,,2025-01-11T00:39:50Z,,,,,,,heartbeat
QQQ,2025-01-11T00:39:59.032782Z,,,,,,,,40517592,quote
AAPL,2025-01-11T00:39:59.034070Z,,,,,,,,61699487,quote
AAPL,2025-01-11T00:39:59.034907Z,,,,,,,,61699488,quote
SPY,2025-01-11T00:39:59.035701Z,,,,,200,,200,,quote
SPY,2025-01-11T00:39:59.036372Z,,,,,,,,73099092,quote
AAPL,2025-01-11T00:40:12.012144Z,,,,,,,,61699491,quote
,2025-01-11T00:40:12.016321Z,,2025-01-11T00:40:03Z,,,,,,,heartbeat
AAPL,2025-01-11T00:40:12.022179Z,2025-01-11T00:40:03Z,,236.95,,,,,61701681,quote
AAPL,2025-01-11T00:40:12.026866Z,,,,,236.99,,200,61701690,quote
AAPL,2025-01-11T00:40:12.030760Z,,,,,,,,61701691,quote
SPY,2025-01-11T00:40:12.031737Z,,,,,,,,73099093,quote
SPY,2025-01-11T00:40:12.032281Z,,,,,,,,73099095,quote
AAPL,2025-01-11T00:40:12.032741Z,,,,,,,,61701692,quote
QQQ,2025-01-11T00:40:12.033163Z,,,,,,,,40517593,quote
AAPL,2025-01-11T00:40:27.012573Z,,,,,,,,61701695,quote
SPY,2025-01-11T00:40:27.015284Z,,,,,,,,73099096,quote
,2025-01-11T00:40:27.023153Z,,2025-01-11T00:40:17Z,,,,,,,heartbeat
SPY,2025-01-11T00:40:27.030217Z,,,,,,,,73099097,quote
AAPL,2025-01-11T00:40:27.032698Z,,,,,,,,61701698,quote
QQQ,2025-01-11T00:40:27.034110Z,,,,,,,,40517598,quote
QQQ,2025-01-11T00:40:27.035426Z,2025-01-11T00:40:22Z,,506.55,300,,300,,40517698,quote
SPY,2025-01-11T00:40:27.036313Z,,,,,,,,73099098,quote
AAPL,2025-01-11T00:40:27.036973Z,,,,,,,,61701699,quote
SPY,2025-01-11T00:40:44.012145Z,,,,,579.85,,100,73099104,quote
SPY,2025-01-11T00:40:44.015972Z,,,,,579.87,,200,73099114,quote
,2025-01-11T00:40:44.018605Z,,2025-01-11T00:40:32Z,,,,,,,heartbeat
AAPL,2025-01-11T00:40:44.021318Z,2025-01-11T00:40:34Z,,236.99,,100,,100,61701914,quote
SPY,2025-01-11T00:40:44.023973Z,,,,,100,,100,73099127,quote
,2025-01-11T00:40:44.025696Z,,2025-01-11T00:40:43Z,,,,,,,heartbeat
SPY,2025-01-11T00:40:44.027361Z,,,,,,,,73099185,quote
AAPL,2025-01-11T00:41:06.129486Z,,,,,,,,61701915,quote
QQQ,2025-01-11T00:41:06.133720Z,,,,,,,,40517699,quote
,2025-01-11T00:41:06.137216Z,,2025-01-11T00:40:51Z,,,,,,,heartbeat
,2025-01-11T00:41:06.139051Z,,2025-01-11T00:40:56Z,,,,,,,heartbeat
AAPL,2025-01-11T00:41:06.140859Z,,,,,,,,61701916,quote
SPY,2025-01-11T00:41:06.142112Z,,,,400,,400,,,quote
QQQ,2025-01-11T00:41:06.143287Z,2025-01-11T00:40:56Z,,506.56,,,,,40517799,quote
QQQ,2025-01-11T00:41:06.145478Z,2025-01-11T00:40:59Z,,506.57,,,,,40518799,quote
,2025-01-11T00:41:30.092419Z,,2025-01-11T00:41:06Z,,,,,,,heartbeat
AAPL,2025-01-11T00:41:30.096286Z,,,,,,,,61701917,quote
AAPL,2025-01-11T00:41:30.097645Z,,,,,,,,61701918,quote
QQQ,2025-01-11T00:41:30.098646Z,,,,,,,,40518809,quote
AAPL,2025-01-11T00:41:30.100060Z,,,,,237.01,,,61701961,quote
SPY,2025-01-11T00:41:30.101048Z,,,,,,,,73099201,quote
SPY,2025-01-11T00:41:30.101984Z,,,,,,,,73099202,quote
,2025-01-11T00:41:30.103069Z,,2025-01-11T00:41:19Z,,,,,,,heartbeat
AAPL,2025-01-11T00:41:30.104739Z,,,,,,,,61701962,quote
,2025-01-11T00:41:30.106750Z,,2025-01-11T00:41:27Z,,,,,,,heartbeat
AAPL,2025-01-11T00:41:30.108782Z,,,,,,,,61701977,quote
QQQ,2025-01-11T00:41:30.110587Z,,,,,,,,40518810,quote
SPY,2025-01-11T00:41:41.012621Z,,,,579.71,,200,,,quote
SPY,2025-01-11T00:41:41.016516Z,,,,,,,,73099203,quote
QQQ,2025-01-11T00:41:41.018675Z,,,,,,,,40518811,quote
QQQ,2025-01-11T00:41:41.020722Z,,,,,,,,40518812,quote
SPY,2025-01-11T00:41:41.022548Z,,,,,,,,73099204,quote
QQQ,2025-01-11T00:41:41.024819Z,,,,,,,,40518813,quote
AAPL,2025-01-11T00:41:41.026261Z,,,,,,,,61701978,quote
AAPL,2025-01-11T00:41:41.027834Z,,,,,,,,61702036,quote
SPY,2025-01-11T00:41:41.029566Z,2025-01-11T00:41:39Z,,579.8575,579.72,,300,,73099304,quote
SPY,2025-01-11T00:42:13.099917Z,,,,,,,,73099326,quote
AAPL,2025-01-11T00:42:13.102977Z,,,,,,,,61702037,quote
QQQ,2025-01-11T00:42:13.104160Z,,,,,,,,40518818,quote
SPY,2025-01-11T00:42:13.105256Z,,,,,,,,73099327,quote
SPY,2025-01-11T00:42:13.106135Z,,,,,,,,73099332,quote
,2025-01-11T00:42:13.107075Z,,2025-01-11T00:41:49Z,,,,,,,heartbeat
AAPL,2025-01-11T00:42:13.108607Z,,,,,,,,61702038,quote
,2025-01-11T00:42:13.109929Z,,2025-01-11T00:41:56Z,,,,,,,heartbeat
SPY,2025-01-11T00:42:13.111779Z,,,,,,,,73099333,quote
AAPL,2025-01-11T00:42:13.113332Z,,,,,,,,61702039,quote
,2025-01-11T00:42:13.114530Z,,2025-01-11T00:42:05Z,,,,,,,heartbeat
SPY,2025-01-11T00:42:13.115943Z,,,,,,,,73099334,quote
,2025-01-11T00:42:35.008925Z,,2025-01-11T00:42:12Z,,,,,,,heartbeat
SPY,2025-01-11T00:42:35.012857Z,,,,,,,,73099448,quote
QQQ,2025-01-11T00:42:35.014961Z,,,,,,,,40518893,quote
QQQ,2025-01-11T00:42:35.017494Z,,,,,,,,40518907,quote
SPY,2025-01-11T00:42:35.019207Z,,,,,,,,73099458,quote
AAPL,2025-01-11T00:42:35.020553Z,,,,,,,,61702043,quote
SPY,2025-01-11T00:42:35.022364Z,,,,,,,,73099510,quote
AAPL,2025-01-11T00:42:35.025179Z,,,,,,,,61702046,quote
SPY,2025-01-11T00:42:35.027032Z,,,,,,,,73099523,quote
SPY,2025-01-11T00:42:35.028548Z,,,,,,,,73099524,quote
AAPL,2025-01-11T00:42:35.029821Z,,,,,,,,61702047,quote
QQQ,2025-01-11T00:42:35.030881Z,2025-01-11T00:42:28Z,,100,,,,,40519007,quote
,2025-01-11T00:42:53.009765Z,,2025-01-11T00:42:34Z,,,,,,,heartbeat
AAPL,2025-01-11T00:42:53.013573Z,,,,236.96,,,,,quote
AAPL,2025-01-11T00:42:53.017035Z,,,,,,,,61702054,quote
AAPL,2025-01-11T00:42:53.019584Z,,,,,,,,61702055,quote
AAPL,2025-01-11T00:42:53.021609Z,,,,,,,,61702057,quote
QQQ,2025-01-11T00:42:53.023050Z,,,,,,,,40519012,quote
QQQ,2025-01-11T00:42:53.025516Z,,,,,,,,40519013,quote
SPY,2025-01-11T00:42:53.027586Z,,,,,,,,73099567,quote
QQQ,2025-01-11T00:42:53.029159Z,,,,,200,,200,,quote
AAPL,2025-01-11T00:42:53.030632Z,,,,,,,,61702058,quote
QQQ,2025-01-11T00:42:53.032472Z,,,,,,,,40519019,quote
SPY,2025-01-11T00:42:53.033836Z,,,,,,,,73099577,quote
AAPL,2025-01-11T00:42:53.034705Z,,,,,,,,61702059,quote
SPY,2025-01-11T00:43:21.098081Z,,,,,,,,73099583,quote
SPY,2025-01-11T00:43:21.101673Z,,,,,,,,73099585,quote
AAPL,2025-01-11T00:43:21.103574Z,,,,,,,,61702060,quote
,2025-01-11T00:43:21.105085Z,,2025-01-11T00:43:02Z,,,,,,,heartbeat
SPY,2025-01-11T00:43:21.106491Z,,,,,,,,73099586,quote
AAPL,2025-01-11T00:43:21.107520Z,,,,,,,,61702065,quote
AAPL,2025-01-11T00:43:21.108796Z,,,,,,,,61702075,quote
QQQ,2025-01-11T00:43:21.109853Z,,,,,,,,40519020,quote
AAPL,2025-01-11T00:43:21.110836Z,,,,,,,,61702081,quote
SPY,2025-01-11T00:43:21.112058Z,,,,,579.86,,,,quote
QQQ,2025-01-11T00:43:21.113208Z,,,,,,,,40519022,quote
AAPL,2025-01-11T00:43:21.114274Z,,,,,,,,61702082,quote
SPY,2025-01-11T00:43:21.115664Z,,,,,,,,73099595,quote
QQQ,2025-01-11T00:43:45.059442Z,,,,,,,,40519024,quote
AAPL,2025-01-11T00:43:45.062366Z,,,,,,,,61702084,quote
QQQ,2025-01-11T00:43:45.063381Z,,,,,,,,40519026,quote
SPY,2025-01-11T00:43:45.064387Z,,,,,,,,73099596,quote
AAPL,2025-01-11T00:43:45.065474Z,,,,,237,,200,61702085,quote
SPY,2025-01-11T00:43:45.067200Z,,,,,,,,73099604,quote
,2025-01-11T00:43:45.069309Z,,2025-01-11T00:43:35Z,,,,,,,heartbeat
AAPL,2025-01-11T00:43:45.071293Z,,,,,,,,61702086,quote
AAPL,2025-01-11T00:43:45.072515Z,,,,,,,,61702088,quote
QQQ,2025-01-11T00:43:45.074047Z,,,,,,,,40519027,quote
SPY,2025-01-11T00:43:45.075584Z,,,,,,,,73099607,quote
SPY,2025-01-11T00:43:45.076676Z,,,,,,,,73099608,quote
AAPL,2025-01-11T00:44:06.047602Z,,,,,,,,61702089,quote
QQQ,2025-01-11T00:44:06.052108Z,,,,,,,,40519029,quote
AAPL,2025-01-11T00:44:06.053592Z,,,,,,,,61702090,quote
QQQ,2025-01-11T00:44:06.055192Z,,,,506.5,,1100,,40519030,quote
QQQ,2025-01-11T00:44:06.056360Z,,,,,,,,40519032,quote
AAPL,2025-01-11T00:44:06.057476Z,,,,,,,,61702092,quote
QQQ,2025-01-11T00:44:06.058688Z,2025-01-11T00:43:57Z,,,506.56,506.58,100,400,40519294,quote
AAPL,2025-01-11T00:44:06.060536Z,,,,,,,,61702093,quote
,2025-01-11T00:44:06.061836Z,,2025-01-11T00:44:06Z,,,,,,,heartbeat
SPY,2025-01-11T00:44:26.016473Z,,,,,,,,73099609,quote
AAPL,2025-01-11T00:44:26.019730Z,,,,,,,,61702094,quote
QQQ,2025-01-11T00:44:26.021084Z,,,,,,,,40519299,quote
SPY,2025-01-11T00:44:26.022628Z,,,,,,,,73099610,quote
SPY,2025-01-11T00:44:26.024095Z,,,,,,,,73099611,quote
QQQ,2025-01-11T00:44:26.025833Z,,,,,,,,40519304,quote
SPY,2025-01-11T00:44:26.027175Z,,,,,,,,73099612,quote
QQQ,2025-01-11T00:44:26.028453Z,2025-01-11T00:44:18Z,,506.58,,200,,200,40519556,quote
,2025-01-11T00:44:26.029990Z,,2025-01-11T00:44:24Z,,,,,,,heartbeat
SPY,2025-01-11T00:44:26.031946Z,,,,,,,,73099621,quote
AAPL,2025-01-11T00:44:43.016742Z,,,,,,,,61702103,quote
,2025-01-11T00:44:43.020511Z,,2025-01-11T00:44:31Z,,,,,,,heartbeat
QQQ,2025-01-11T00:44:43.022989Z,,,,,,,,40519558,quote
SPY,2025-01-11T00:44:43.025279Z,,,,,579.87,,,73099750,quote
SPY,2025-01-11T00:44:43.027183Z,,,,,,,,73099800,quote
AAPL,2025-01-11T00:44:43.029525Z,,,,,,,,61702104,quote
QQQ,2025-01-11T00:44:43.031724Z,2025-01-11T00:44:38Z,,242,506.59,506.65,,500,40519804,quote
SPY,2025-01-11T00:44:43.033972Z,,,,,579.85,,200,,quote
AAPL,2025-01-11T00:44:43.035316Z,,,,,,,,61702105,quote
AAPL,2025-01-11T00:44:43.036573Z,,,,,,,,61702106,quote
SPY,2025-01-11T00:44:58.070042Z,,,,,,,,73099801,quote
AAPL,2025-01-11T00:44:58.073342Z,,,,,,,,61702111,quote
SPY,2025-01-11T00:44:58.074904Z,,,,579.75,,100,,,quote
AAPL,2025-01-11T00:44:58.076285Z,,,,,,,,61702116,quote
AAPL,2025-01-11T00:44:58.077358Z,,,,,,,,61702117,quote
SPY,2025-01-11T00:44:58.078494Z,,,,,,,,73099802,quote
SPY,2025-01-11T00:44:58.079557Z,,,,579.71,300,200,300,73099803,quote
QQQ,2025-01-11T00:44:58.080898Z,,,,,,,,40519805,quote
QQQ,2025-01-11T00:44:58.081866Z,,,,,,,,40519806,quote
QQQ,2025-01-11T00:44:58.082770Z,,,,,,,,40519815,quote
SPY,2025-01-11T00:44:58.084349Z,,,,579.73,,100,,,quote
SPY,2025-01-11T00:45:18.068292Z,,,,,,,,73099805,quote
QQQ,2025-01-11T00:45:18.091236Z,,,,,,,,40519816,quote
QQQ,2025-01-11T00:45:18.111989Z,,,,,,,,40519817,quote
SPY,2025-01-11T00:45:18.114383Z,,,,579.72,,400,,73099811,quote
AAPL,2025-01-11T00:45:18.116078Z,,,,,,,,61702118,quote
SPY,2025-01-11T00:45:18.118Z,,,,,,,,73099814,quote
SPY,2025-01-11T00:45:18.119691Z,,,,,,,,73099815,quote
SPY,2025-01-11T00:45:18.121494Z,,,,,200,,200,73099819,quote
SPY,2025-01-11T00:45:18.123319Z,,,,,,,,73099824,quote
AAPL,2025-01-11T00:45:18.125092Z,,,,,,,,61702127,quote
SPY,2025-01-11T00:45:18.126919Z,,,,,,,,73099843,quote
QQQ,2025-01-11T00:45:18.128145Z,,,,,,,,40519818,quote
AAPL,2025-01-11T00:45:47.119253Z,,,,,,,,61702128,quote
SPY,2025-01-11T00:45:47.122779Z,,,,300,,300,,73099904,quote
QQQ,2025-01-11T00:45:47.123840Z,,,,,,,,40519828,quote
SPY,2025-01-11T00:45:47.124767Z,,,,,,,,73099905,quote
,2025-01-11T00:45:47.125953Z,,2025-01-11T00:45:30Z,,,,,,,heartbeat
SPY,2025-01-11T00:45:47.127259Z,,,,,,,,73099906,quote
SPY,2025-01-11T00:45:47.128467Z,,,,579.71,,200,,73099907,quote
QQQ,2025-01-11T00:45:47.130079Z,,,,,,,,40519832,quote
AAPL,2025-01-11T00:45:47.131285Z,,,,,,,,61702129,quote
QQQ,2025-01-11T00:45:47.132452Z,,,,,,,,40519836,quote
SPY,2025-01-11T00:45:47.133612Z,,,,579.72,,300,,,quote
AAPL,2025-01-11T00:45:47.135614Z,,,,,,,,61702130,quote
SPY,2025-01-11T00:46:18.049823Z,,,,,300,,300,73099910,quote
QQQ,2025-01-11T00:46:18.053415Z,,,,,,,,40519837,quote
AAPL,2025-01-11T00:46:18.055809Z,,,,,,,,61702146,quote
AAPL,2025-01-11T00:46:18.057638Z,,,,,,,,61702230,quote
QQQ,2025-01-11T00:46:18.059632Z,,,,,,,,40519838,quote
SPY,2025-01-11T00:46:18.060974Z,,,,,,,,73099913,quote
AAPL,2025-01-11T00:46:18.062193Z,,,,,,,,61702231,quote
QQQ,2025-01-11T00:46:18.063306Z,,,,200,,200,,40519858,quote
QQQ,2025-01-11T00:46:18.064788Z,,,,,,,,40519859,quote
AAPL,2025-01-11T00:46:18.066013Z,,,,,,,,61702232,quote
SPY,2025-01-11T00:46:18.067074Z,,,,,,,,73099916,quote
,2025-01-11T00:46:18.068484Z,,2025-01-11T00:46:16Z,,,,,,,heartbeat
AAPL,2025-01-11T00:46:33.097637Z,,,,,,,,61702252,quote
AAPL,2025-01-11T00:46:33.101478Z,,,,,,,,61702254,quote
SPY,2025-01-11T00:46:33.103675Z,,,,,,,,73099917,quote
AAPL,2025-01-11T00:46:33.105485Z,,,,236.97,,100,,,quote
QQQ,2025-01-11T00:46:33.107215Z,,,,,,,,40519860,quote
AAPL,2025-01-11T00:46:33.108728Z,,,,,,,,61702255,quote
AAPL,2025-01-11T00:46:33.111057Z,2025-01-11T00:46:27Z,,237,,,,,61702355,quote
QQQ,2025-01-11T00:46:33.121169Z,,,,,,,,40519861,quote
AAPL,2025-01-11T00:46:33.122723Z,,,,,,,,61702356,quote
AAPL,2025-01-11T00:46:33.123729Z,,,,,,,,61702357,quote
AAPL,2025-01-11T00:46:55.012665Z,,,,,,,,61702358,quote
AAPL,2025-01-11T00:46:55.016465Z,,,,236.96,,600,,61702388,quote
SPY,2025-01-11T00:46:55.018748Z,,,,,,,,73099944,quote
QQQ,2025-01-11T00:46:55.020728Z,,,,,,,,40519873,quote
AAPL,2025-01-11T00:46:55.022628Z,,,,,,,,61702423,quote
SPY,2025-01-11T00:46:55.023813Z,,,,,,,,73099945,quote
AAPL,2025-01-11T00:46:55.025201Z,,,,,,,,61702440,quote
QQQ,2025-01-11T00:46:55.027861Z,,,,,,,,40519874,quote
SPY,2025-01-11T00:46:55.029862Z,,,,,,,,73099946,quote
QQQ,2025-01-11T00:46:55.031293Z,,,,,,,,40519875,quote
SPY,2025-01-11T00:46:55.032695Z,,,,,,,,73099947,quote
,2025-01-11T00:46:55.033963Z,,2025-01-11T00:46:49Z,,,,,,,heartbeat
,2025-01-11T00:47:24.078777Z,,2025-01-11T00:46:54Z,,,,,,,heartbeat
SPY,2025-01-11T00:47:24.081632Z,2025-01-11T00:46:56Z,,579.85,,,,,73100047,quote
QQQ,2025-01-11T00:47:24.083058Z,,,,,,,,40519885,quote
,2025-01-11T00:47:24.084269Z,,2025-01-11T00:47:08Z,,,,,,,heartbeat
SPY,2025-01-11T00:47:24.086054Z,,,,,,,,73100048,quote
SPY,2025-01-11T00:47:24.087416Z,,,,,200,,200,73100058,quote
AAPL,2025-01-11T00:47:24.088580Z,,,,,,,,61702441,quote
QQQ,2025-01-11T00:47:24.089788Z,,,,,,,,40519887,quote
SPY,2025-01-11T00:47:24.091198Z,,,,,,,,73100060,quote
,2025-01-11T00:47:24.092525Z,,2025-01-11T00:47:22Z,,,,,,,heartbeat
QQQ,2025-01-11T00:47:52.018554Z,,,,,,,,40519966,quote
AAPL,2025-01-11T00:47:52.022180Z,,,,,,,,61702442,quote
QQQ,2025-01-11T00:47:52.023595Z,,,,,,,,40519971,quote
SPY,2025-01-11T00:47:52.024690Z,,,,,,,,73100070,quote
AAPL,2025-01-11T00:47:52.025523Z,,,,,,,,61702452,quote
SPY,2025-01-11T00:47:52.026634Z,,,,,,,,73100071,quote
AAPL,2025-01-11T00:47:52.027853Z,,,,,100,,100,61702484,quote
,2025-01-11T00:47:52.029153Z,,2025-01-11T00:47:38Z,,,,,,,heartbeat
QQQ,2025-01-11T00:47:52.030979Z,,,,,,,,40519975,quote
SPY,2025-01-11T00:47:52.032128Z,,,,,,,,73100111,quote
SPY,2025-01-11T00:47:52.033519Z,,,,,,,,73100161,quote
,2025-01-11T00:47:52.034985Z,,2025-01-11T00:47:50Z,,,,,,,heartbeat
SPY,2025-01-11T00:48:19.051813Z,,,,,,,,73100162,quote
AAPL,2025-01-11T00:48:19.056274Z,,,,,,,,61702521,quote
SPY,2025-01-11T00:48:19.057820Z,,,,,100,,100,,quote
AAPL,2025-01-11T00:48:19.059265Z,,,,,,,,61702522,quote
QQQ,2025-01-11T00:48:19.060358Z,,,,,,,,40520025,quote
,2025-01-11T00:48:19.061571Z,,2025-01-11T00:48:06Z,,,,,,,heartbeat
,2025-01-11T00:48:19.062738Z,,2025-01-11T00:48:11Z,,,,,,,heartbeat
SPY,2025-01-11T00:48:19.063593Z,,,,,,,,73100163,quote
QQQ,2025-01-11T00:48:19.064467Z,,,,300,,300,,,quote
SPY,2025-01-11T00:48:19.065410Z,,,,,,,,73100164,quote
QQQ,2025-01-11T00:48:19.066431Z,,,,,,,,40520026,quote
QQQ,2025-01-11T00:48:19.068020Z,,,,,,,,40520027,quote
AAPL,2025-01-11T00:48:19.069754Z,,,,,,,,61702523,quote
SPY,2025-01-11T00:48:37.994520Z,,,,579.72,,300,,,quote
AAPL,2025-01-11T00:48:37.998102Z,,,,,,,,61702540,quote
QQQ,2025-01-11T00:48:37.999484Z,,,,,,,,40520028,quote
SPY,2025-01-11T00:48:38.000331Z,,,,,,,,73100234,quote
AAPL,2025-01-11T00:48:38.001139Z,,,,,,,,61702541,quote
QQQ,2025-01-11T00:48:38.002335Z,,,,506.6,,900,,40520050,quote
AAPL,2025-01-11T00:48:38.003464Z,,,,,,,,61702542,quote
SPY,2025-01-11T00:48:38.004415Z,,,,,579.83,,,,quote
AAPL,2025-01-11T00:48:38.005205Z,,,,,,,,61702543,quote
AAPL,2025-01-11T00:48:38.006034Z,,,,,,,,61702544,quote
QQQ,2025-01-11T00:48:38.006973Z,,,,,400,,400,40520150,quote
AAPL,2025-01-11T00:48:38.007934Z,,,,,,,,61702545,quote
QQQ,2025-01-11T00:48:46.985208Z,,,,,,,,40520151,quote
SPY,2025-01-11T00:48:46.988770Z,,,,,,,,73100235,quote
QQQ,2025-01-11T00:48:46.990779Z,,,,,,,,40520231,quote
SPY,2025-01-11T00:48:46.992860Z,,,,,,,,73100236,quote
AAPL,2025-01-11T00:48:46.994714Z,,,,,,,,61702549,quote
SPY,2025-01-11T00:48:46.996421Z,,,,,,,,73100237,quote
QQQ,2025-01-11T00:48:46.997804Z,,,,,,,,40520248,quote
QQQ,2025-01-11T00:48:46.999116Z,2025-01-11T00:48:45Z,,506.6,100,,100,,40521048,quote
QQQ,2025-01-11T00:49:11.990642Z,,,186,506.59,506.6,200,700,40521234,quote
SPY,2025-01-11T00:49:11.994284Z,,,,,,,,73100242,quote
QQQ,2025-01-11T00:49:11.995846Z,2025-01-11T00:48:48Z,,506.59,506.58,506.59,,600,40521480,quote
SPY,2025-01-11T00:49:11.997418Z,,,,,,,,73100272,quote
SPY,2025-01-11T00:49:11.998644Z,,,,,,,,73100273,quote
AAPL,2025-01-11T00:49:11.999919Z,,,,,,,,61702598,quote
SPY,2025-01-11T00:49:12.015875Z,,,,,,,,73100274,quote
SPY,2025-01-11T00:49:12.017238Z,,,,,,,,73100275,quote
SPY,2025-01-11T00:49:12.018799Z,,,,,579.82,,200,,quote
,2025-01-11T00:49:24.074445Z,,2025-01-11T00:49:12Z,,,,,,,heartbeat
AAPL,2025-01-11T00:49:24.077777Z,,,,,,,,61702601,quote
SPY,2025-01-11T00:49:24.079106Z,,,,,,,,73100280,quote
QQQ,2025-01-11T00:49:24.080186Z,,,,,,,,40521500,quote
SPY,2025-01-11T00:49:24.081542Z,,,,,,,,73100300,quote
QQQ,2025-01-11T00:49:24.082797Z,2025-01-11T00:49:19Z,,,,,,,40521700,quote
SPY,2025-01-11T00:49:24.084317Z,,,,,,,,73100303,quote
AAPL,2025-01-11T00:49:24.085836Z,,,,,,,,61702603,quote
QQQ,2025-01-11T00:49:44.145172Z,2025-01-11T00:49:22Z,,506.58,506.51,506.58,100,200,40521995,quote
AAPL,2025-01-11T00:49:44.149094Z,,,,,,,,61702604,quote
AAPL,2025-01-11T00:49:44.150551Z,,,,236.99,,100,,,quote
SPY,2025-01-11T00:49:44.151836Z,,,,,,,,73100304,quote
SPY,2025-01-11T00:49:44.152760Z,,,,,,,,73100308,quote
AAPL,2025-01-11T00:49:44.153607Z,,,,,,,,61702605,quote
SPY,2025-01-11T00:49:44.154520Z,,,,,579.81,,,,quote
QQQ,2025-01-11T00:49:44.155322Z,,,,,,,,40521996,quote
QQQ,2025-01-11T00:49:44.156422Z,,,,,,,,40521997,quote
AAPL,2025-01-11T00:49:44.158053Z,,,,,,,,61702610,quote
AAPL,2025-01-11T00:49:44.159491Z,,,,,,,,61702663,quote
SPY,2025-01-11T00:50:06.980510Z,,,,,,,,73100315,quote
QQQ,2025-01-11T00:50:06.984114Z,,,,,,,,40521998,quote
,2025-01-11T00:50:06.986404Z,,2025-01-11T00:49:51Z,,,,,,,heartbeat
QQQ,2025-01-11T00:50:06.988546Z,,,,,,,,40521999,quote
AAPL,2025-01-11T00:50:06.990350Z,,,,,,,,61702664,quote
AAPL,2025-01-11T00:50:06.991665Z,,,,,,,,61702665,quote
AAPL,2025-01-11T00:50:06.993627Z,,,,,237.01,,,61702861,quote
QQQ,2025-01-11T00:50:06.995342Z,,,,,,,,40522014,quote
SPY,2025-01-11T00:50:06.996437Z,,,,,,,,73100316,quote
QQQ,2025-01-11T00:50:06.997756Z,,,,,,,,40522015,quote
QQQ,2025-01-11T00:50:06.998758Z,,,,506.52,,,,,quote
AAPL,2025-01-11T00:50:07.000185Z,,,,,,,,61702862,quote
SPY,2025-01-11T00:50:21.981075Z,,,,,,,,73100317,quote
AAPL,2025-01-11T00:50:21.984479Z,,,,,,,,61702863,quote
QQQ,2025-01-11T00:50:21.986900Z,,,,,,,,40522020,quote
AAPL,2025-01-11T00:50:21.988860Z,,,,,,,,61702864,quote
QQQ,2025-01-11T00:50:21.991013Z,,,,,,,,40522027,quote
QQQ,2025-01-11T00:50:21.992609Z,,,,,,,,40522028,quote
AAPL,2025-01-11T00:50:21.994390Z,,,,,237.02,,,61702958,quote
AAPL,2025-01-11T00:50:21.995995Z,,,,,,,,61702959,quote
SPY,2025-01-11T00:50:21.997496Z,,,,,,,,73100318,quote
AAPL,2025-01-11T00:50:21.998596Z,,,,,,,,61702960,quote
AAPL,2025-01-11T00:50:21.999782Z,,,,,,,,61702961,quote
QQQ,2025-01-11T00:50:38.984803Z,2025-01-11T00:50:21Z,,506.51,506.46,,200,,40522486,quote
QQQ,2025-01-11T00:50:38.988362Z,,,,506.45,,900,,,quote
QQQ,2025-01-11T00:50:38.989438Z,,,,,,,,40522487,quote
AAPL,2025-01-11T00:50:38.990311Z,,,,236.98,,,,61702963,quote
QQQ,2025-01-11T00:50:38.991486Z,,,,,,,,40522490,quote
QQQ,2025-01-11T00:50:38.992701Z,,,,,,,,40522491,quote
,2025-01-11T00:50:38.994030Z,,2025-01-11T00:50:32Z,,,,,,,heartbeat
QQQ,2025-01-11T00:50:38.995263Z,,,,,,,,40522501,quote
QQQ,2025-01-11T00:50:38.996263Z,,,,,,,,40522502,quote
AAPL,2025-01-11T00:50:38.997526Z,,,,,,,,61702967,quote
AAPL,2025-01-11T00:50:38.998652Z,,,,,,,,61702969,quote
SPY,2025-01-11T00:51:03.985303Z,,,,,,,,73100378,quote
AAPL,2025-01-11T00:51:03.989051Z,,,,236.99,,,,,quote
SPY,2025-01-11T00:51:03.990921Z,,,,,,,,73100435,quote
QQQ,2025-01-11T00:51:03.992638Z,,,,,,,,40522513,quote
AAPL,2025-01-11T00:51:03.994626Z,,,,,,,,61702970,quote
QQQ,2025-01-11T00:51:03.996227Z,,,,,,,,40522514,quote
SPY,2025-01-11T00:51:03.997617Z,,,,,,,,73100514,quote
AAPL,2025-01-11T00:51:03.998818Z,,,,,,,,61702971,quote
AAPL,2025-01-11T00:51:04.000042Z,,,,,,,,61702990,quote
AAPL,2025-01-11T00:51:04.001715Z,,,,,,,,61702991,quote
,2025-01-11T00:51:04.002853Z,,2025-01-11T00:50:59Z,,,,,,,heartbeat
AAPL,2025-01-11T00:51:04.004088Z,,,,,,,,61702992,quote
QQQ,2025-01-11T00:51:04.005086Z,,,,,,,,40522516,quote
SPY,2025-01-11T00:51:30.029529Z,,,,400,,400,,73100525,quote
QQQ,2025-01-11T00:51:30.032216Z,,,,,506.55,,1000,40522538,quote
QQQ,2025-01-11T00:51:30.033471Z,,,,,,,,40522544,quote
SPY,2025-01-11T00:51:30.034390Z,,,,,,,,73100545,quote
QQQ,2025-01-11T00:51:30.035816Z,,,,,,,,40522584,quote
,2025-01-11T00:51:30.037042Z,,2025-01-11T00:51:16Z,,,,,,,heartbeat
QQQ,2025-01-11T00:51:30.038478Z,,,,,,,,40522652,quote
AAPL,2025-01-11T00:51:30.040483Z,,,,,,,,61703015,quote
AAPL,2025-01-11T00:51:30.041676Z,,,,,,,,61703016,quote
SPY,2025-01-11T00:51:30.043259Z,,,,,,,,73100546,quote
QQQ,2025-01-11T00:51:30.044879Z,,,,,,,,40522661,quote
QQQ,2025-01-11T00:51:30.045910Z,,,,,,,,40522666,quote
SPY,2025-01-11T00:51:44.055797Z,,,,,579.8,,100,,quote
QQQ,2025-01-11T00:51:44.059375Z,,,,,,,,40522668,quote
AAPL,2025-01-11T00:51:44.062202Z,,,,236.96,,600,,61703036,quote
AAPL,2025-01-11T00:51:44.064472Z,,,,,,,,61703062,quote
,2025-01-11T00:51:44.066599Z,,2025-01-11T00:51:40Z,,,,,,,heartbeat
SPY,2025-01-11T00:51:44.068824Z,,,,,,,,73100551,quote
QQQ,2025-01-11T00:51:44.070112Z,,,,506.53,506.54,100,200,40522771,quote
SPY,2025-01-11T00:51:44.071709Z,,,,,,,,73100553,quote
QQQ,2025-01-11T00:52:02.986717Z,2025-01-11T00:51:42Z,,506.53,506.45,506.53,900,,40522971,quote
AAPL,2025-01-11T00:52:02.990781Z,,,,,,,,61703063,quote
QQQ,2025-01-11T00:52:02.994502Z,,,,,,,,40522973,quote
QQQ,2025-01-11T00:52:02.997001Z,,,,,,,,40522984,quote
AAPL,2025-01-11T00:52:02.998848Z,,,,,,,,61703064,quote
,2025-01-11T00:52:03.000055Z,,2025-01-11T00:51:53Z,,,,,,,heartbeat
SPY,2025-01-11T00:52:03.001585Z,,,,,,,,73100555,quote
QQQ,2025-01-11T00:52:03.002974Z,,,,,,,,40522994,quote
QQQ,2025-01-11T00:52:03.004139Z,,,,,,,,40523037,quote
AAPL,2025-01-11T00:52:03.005243Z,,,,,,,,61703065,quote
QQQ,2025-01-11T00:52:03.006329Z,,,,,,,,40523139,quote
QQQ,2025-01-11T00:52:14.059847Z,,,,,,,,40523189,quote
SPY,2025-01-11T00:52:14.063307Z,,,,,,,,73100565,quote
QQQ,2025-01-11T00:52:14.065457Z,,,,,,,,40523209,quote
SPY,2025-01-11T00:52:14.067480Z,,,,,,,,73100566,quote
SPY,2025-01-11T00:52:14.070300Z,,,,,579.75,,,73100568,quote
SPY,2025-01-11T00:52:14.072321Z,2025-01-11T00:52:08Z,,579.75,,579.8,,,73100682,quote
SPY,2025-01-11T00:52:14.073949Z,,,,,,,,73100688,quote
AAPL,2025-01-11T00:52:14.075682Z,,,,,,,,61703066,quote
SPY,2025-01-11T00:52:14.077034Z,,,,,,,,73100700,quote
AAPL,2025-01-11T00:52:26.985516Z,,,,,,,,61703067,quote
SPY,2025-01-11T00:52:26.989163Z,,,,,579.78,,,,quote
SPY,2025-01-11T00:52:26.991858Z,2025-01-11T00:52:16Z,,579.78,,,,,73100814,quote
QQQ,2025-01-11T00:52:26.994517Z,,,,,,,,40523215,quote
SPY,2025-01-11T00:52:26.996201Z,2025-01-11T00:52:18Z,,,,579.81,,,73100928,quote
SPY,2025-01-11T00:52:26.997837Z,,,,,,,,73100930,quote
AAPL,2025-01-11T00:52:26.999067Z,,,,,,,,61703068,quote
SPY,2025-01-11T00:52:27.000586Z,,,,,,,,73100950,quote
QQQ,2025-01-11T00:52:27.002011Z,,,,,,,,40523216,quote
QQQ,2025-01-11T00:52:49.985629Z,,,,,,,,40523226,quote
AAPL,2025-01-11T00:52:49.989230Z,,,,,,,,61703069,quote
SPY,2025-01-11T00:52:49.991864Z,,,,,,,,73100956,quote
SPY,2025-01-11T00:52:49.994235Z,,,,,,,,73100961,quote
SPY,2025-01-11T00:52:49.996588Z,,,,,,,,73100972,quote
SPY,2025-01-11T00:52:49.998618Z,,,,,,,,73100986,quote
QQQ,2025-01-11T00:52:50.000622Z,,,,506.49,,100,,,quote
QQQ,2025-01-11T00:52:50.003010Z,,,,,,,,40523310,quote
SPY,2025-01-11T00:52:50.006738Z,,,,,,,,73100987,quote
SPY,2025-01-11T00:52:50.008076Z,,,,,,,,73100991,quote
QQQ,2025-01-11T00:52:50.010261Z,,,,506.47,,,,40523322,quote
AAPL,2025-01-11T00:52:50.011998Z,,,,,,,,61703070,quote
SPY,2025-01-11T00:52:50.012880Z,,,,,,,,73100992,quote
QQQ,2025-01-11T00:52:59.013702Z,,,,,,,,40523327,quote
AAPL,2025-01-11T00:52:59.017094Z,,,,,,,,61703071,quote
SPY,2025-01-11T00:52:59.018499Z,,,,579.79,,100,,73101020,quote
AAPL,2025-01-11T00:52:59.019631Z,,,,,237.03,,,61703087,quote
SPY,2025-01-11T00:52:59.020636Z,,,,,,,,73101022,quote
QQQ,2025-01-11T00:52:59.021801Z,,,,,506.52,,100,40523377,quote
SPY,2025-01-11T00:52:59.022965Z,,,,,,,,73101023,quote
QQQ,2025-01-11T00:52:59.024173Z,,,,,,,,40523381,quote
SPY,2025-01-11T00:52:59.025295Z,,,,,,,,73101028,quote
SPY,2025-01-11T00:53:13.043033Z,2025-01-11T00:52:58Z,,579.79,579.72,579.79,200,200,73101195,quote
SPY,2025-01-11T00:53:13.046854Z,,,,,,,,73101196,quote
SPY,2025-01-11T00:53:13.048814Z,,,,579.73,,300,,,quote
QQQ,2025-01-11T00:53:13.051185Z,,,,506.45,506.55,900,1000,40523465,quote
AAPL,2025-01-11T00:53:13.053080Z,,,,,,,,61703088,quote
AAPL,2025-01-11T00:53:13.054383Z,,,,,,,,61703112,quote
AAPL,2025-01-11T00:53:13.055782Z,,,,,237.04,,,61703142,quote
QQQ,2025-01-11T00:53:13.057277Z,,,,,,,,40523476,quote
AAPL,2025-01-11T00:53:13.058438Z,,,,,,,,61703143,quote
QQQ,2025-01-11T00:53:38.981916Z,,,,,,,,40523486,quote
QQQ,2025-01-11T00:53:38.985443Z,,,,,,,,40523537,quote
SPY,2025-01-11T00:53:38.987468Z,2025-01-11T00:53:16Z,,,,579.8,,100,73101431,quote
AAPL,2025-01-11T00:53:38.990358Z,,,,,,,,61703153,quote
SPY,2025-01-11T00:53:38.992583Z,,,,,,,,73101432,quote
AAPL,2025-01-11T00:53:38.994324Z,,,,,,,,61703154,quote
SPY,2025-01-11T00:53:38.995816Z,,,,579.72,579.83,200,,73101632,quote
QQQ,2025-01-11T00:53:38.997204Z,,,,,,,,40523538,quote
,2025-01-11T00:53:38.998271Z,,2025-01-11T00:53:36Z,,,,,,,heartbeat
SPY,2025-01-11T00:53:57.981750Z,2025-01-11T00:53:38Z,,579.73,,,,,73101756,quote
AAPL,2025-01-11T00:53:57.985448Z,,,,,237,,400,61703161,quote
SPY,2025-01-11T00:53:57.987613Z,,,,,,,,73101761,quote
SPY,2025-01-11T00:53:57.989470Z,,,,,,,,73101786,quote
SPY,2025-01-11T00:53:57.991323Z,,,,,,,,73101789,quote
AAPL,2025-01-11T00:53:57.993138Z,,,,,,,,61703163,quote
SPY,2025-01-11T00:53:57.994623Z,,,,,,,,73101794,quote
SPY,2025-01-11T00:53:57.995740Z,,,,,,,,73101795,quote
AAPL,2025-01-11T00:53:57.996740Z,,,,,,,,61703164,quote
,2025-01-11T00:53:57.998170Z,,2025-01-11T00:53:57Z,,,,,,,heartbeat
QQQ,2025-01-11T00:54:14.997745Z,,,,506.47,,100,,,quote
QQQ,2025-01-11T00:54:15.015492Z,,,,,,,,40523540,quote
SPY,2025-01-11T00:54:15.019533Z,,,,,,,,73101815,quote
QQQ,2025-01-11T00:54:15.020448Z,,,,,500,,500,40523980,quote
AAPL,2025-01-11T00:54:15.021854Z,,,,,,,,61703174,quote
QQQ,2025-01-11T00:54:15.022707Z,,,,,,,,40523982,quote
AAPL,2025-01-11T00:54:15.023513Z,,,,,,,,61703179,quote
AAPL,2025-01-11T00:54:15.024234Z,,,,,,,,61703189,quote
QQQ,2025-01-11T00:54:15.024969Z,,,,,,,,40523984,quote
SPY,2025-01-11T00:54:15.025441Z,,,,,,,,73101892,quote
AAPL,2025-01-11T00:54:15.025772Z,,,,,,,,61703190,quote
AAPL,2025-01-11T00:54:15.026098Z,,,,,,,,61703191,quote
QQQ,2025-01-11T00:54:29.985163Z,,,,,,,,40524049,quote
SPY,2025-01-11T00:54:29.988490Z,,,,,,,,73101893,quote
AAPL,2025-01-11T00:54:29.990535Z,,,,,,,,61703192,quote
QQQ,2025-01-11T00:54:29.993126Z,,,,,,,,40524056,quote
QQQ,2025-01-11T00:54:29.995769Z,,,,,,,,40524058,quote
SPY,2025-01-11T00:54:29.997563Z,,,,,,,,73101897,quote
AAPL,2025-01-11T00:54:29.999036Z,,,,,,,,61703207,quote
QQQ,2025-01-11T00:54:30.001279Z,,,,,506.54,,200,40524323,quote
QQQ,2025-01-11T00:54:30.003124Z,,,,,,,,40524324,quote
AAPL,2025-01-11T00:54:30.005408Z,,,,,,,,61703210,quote
SPY,2025-01-11T00:54:30.007419Z,,,,,,,,73101904,quote
SPY,2025-01-11T00:54:30.009546Z,,,,,,,,73101905,quote
AAPL,2025-01-11T00:54:54.011810Z,2025-01-11T00:54:28Z,,408,,237.04,,100,61704319,quote
AAPL,2025-01-11T00:54:54.014846Z,,,,,,,,61704324,quote
QQQ,2025-01-11T00:54:54.016232Z,,,,,,,,40524327,quote
SPY,2025-01-11T00:54:54.017578Z,,,,,,,,73101910,quote
SPY,2025-01-11T00:54:54.019659Z,,,,,,,,73101912,quote
AAPL,2025-01-11T00:54:54.021084Z,,,,,,,,61704335,quote
SPY,2025-01-11T00:54:54.022578Z,,,,,,,,73101913,quote
,2025-01-11T00:54:54.023754Z,,2025-01-11T00:54:45Z,,,,,,,heartbeat
QQQ,2025-01-11T00:54:54.025100Z,,,,,,,,40524328,quote
QQQ,2025-01-11T00:54:54.027602Z,,,,,,,,40524340,quote
SPY,2025-01-11T00:54:54.029182Z,,,,,,,,73101914,quote
,2025-01-11T00:55:13.985578Z,,2025-01-11T00:54:54Z,,,,,,,heartbeat
QQQ,2025-01-11T00:55:13.989285Z,,,,506.5,,,,,quote
SPY,2025-01-11T00:55:13.991487Z,,,,,,,,73101924,quote
QQQ,2025-01-11T00:55:13.993719Z,,,,,,,,40524345,quote
AAPL,2025-01-11T00:55:13.995133Z,,,,,,,,61704385,quote
SPY,2025-01-11T00:55:13.996628Z,,,,,,,,73101925,quote
SPY,2025-01-11T00:55:13.998059Z,2025-01-11T00:55:02Z,,579.8227,,,,,73102033,quote
SPY,2025-01-11T00:55:13.999341Z,,,,,,,,73102034,quote
AAPL,2025-01-11T00:55:14.000538Z,,,,,,,,61704386,quote
SPY,2025-01-11T00:55:14.001976Z,,,,,,,,73102040,quote
AAPL,2025-01-11T00:55:14.003302Z,,,,,,,,61704387,quote
QQQ,2025-01-11T00:55:34.051436Z,,,,,506.55,,500,40524509,quote
,2025-01-11T00:55:34.055071Z,,2025-01-11T00:55:18Z,,,,,,,heartbeat
SPY,2025-01-11T00:55:34.056705Z,,,,579.8,,200,,73102059,quote
AAPL,2025-01-11T00:55:34.057555Z,,,,,,,,61704388,quote
QQQ,2025-01-11T00:55:34.058407Z,,,,,,,,40524510,quote
SPY,2025-01-11T00:55:34.059363Z,,,,,,,,73102060,quote
SPY,2025-01-11T00:55:34.060468Z,,,,,,,,73102066,quote
QQQ,2025-01-11T00:55:34.061296Z,,,,,,,,40524546,quote
SPY,2025-01-11T00:55:34.062182Z,,,,579.81,,300,,,quote
QQQ,2025-01-11T00:55:34.063330Z,,,,,,,,40524547,quote
SPY,2025-01-11T00:55:34.064404Z,,,,,,,,73102078,quote
QQQ,2025-01-11T00:55:39.989443Z,,,,506.45,506.59,900,600,40525300,quote
SPY,2025-01-11T00:55:39.993435Z,2025-01-11T00:55:34Z,,579.83,579.83,579.88,100,500,73102197,quote
QQQ,2025-01-11T00:55:39.996126Z,,,,,,,,40525342,quote
AAPL,2025-01-11T00:55:39.998116Z,,,,,,,,61704389,quote
QQQ,2025-01-11T00:55:39.999876Z,,,,,,,,40525350,quote
AAPL,2025-01-11T00:55:40.003104Z,,,,237,,200,,,quote
SPY,2025-01-11T00:55:40.005662Z,,,,,,,,73102198,quote
AAPL,2025-01-11T00:55:56.065502Z,,,,,,,,61704400,quote
,2025-01-11T00:55:56.069096Z,,2025-01-11T00:55:44Z,,,,,,,heartbeat
SPY,2025-01-11T00:55:56.070613Z,,,,,,,,73102203,quote
AAPL,2025-01-11T00:55:56.071648Z,,,,,,,,61704487,quote
SPY,2025-01-11T00:55:56.072547Z,,,,579.85,,,,,quote
AAPL,2025-01-11T00:55:56.073516Z,,,,,,,,61704506,quote
SPY,2025-01-11T00:55:56.074394Z,,,,579.86,,200,,73102253,quote
SPY,2025-01-11T00:55:56.075285Z,,,,,,,,73102258,quote
AAPL,2025-01-11T00:55:56.076471Z,2025-01-11T00:55:53Z,,,200,,200,,61704706,quote
QQQ,2025-01-11T00:55:56.077815Z,,,,,,,,40525351,quote
SPY,2025-01-11T00:56:04.985713Z,,,,,,,,73102261,quote
SPY,2025-01-11T00:56:04.988702Z,,,,400,,400,,,quote
QQQ,2025-01-11T00:56:04.990769Z,2025-01-11T00:55:59Z,,506.5,500,,500,,40525851,quote
AAPL,2025-01-11T00:56:04.993078Z,,,,,,,,61704710,quote
SPY,2025-01-11T00:56:04.994752Z,,,,,,,,73102262,quote
QQQ,2025-01-11T00:56:04.996453Z,,,,,,,,40525856,quote
QQQ,2025-01-11T00:56:04.997734Z,,,,506.5,,100,,40525858,quote
SPY,2025-01-11T00:56:13.987590Z,2025-01-11T00:56:04Z,,579.88,200,300,200,300,73102429,quote
AAPL,2025-01-11T00:56:13.990550Z,,,,,,,,61704711,quote
SPY,2025-01-11T00:56:13.991472Z,,,,,,,,73102454,quote
QQQ,2025-01-11T00:56:13.992489Z,,,,,,,,40525878,quote
SPY,2025-01-11T00:56:13.994348Z,2025-01-11T00:56:09Z,,579.86,579.72,579.86,,1900,73102704,quote
AAPL,2025-01-11T00:56:13.996385Z,,,,,,,,61704717,quote
SPY,2025-01-11T00:56:13.997943Z,,,,579.73,,300,,,quote
AAPL,2025-01-11T00:56:20.986179Z,2025-01-11T00:56:12Z,,200,100,,100,,61705017,quote
SPY,2025-01-11T00:56:20.989963Z,,,,,,,,73102714,quote
QQQ,2025-01-11T00:56:20.991877Z,,,,,,,,40525908,quote
SPY,2025-01-11T00:56:20.994486Z,2025-01-11T00:56:17Z,,579.795,,,,,73102815,quote
SPY,2025-01-11T00:56:20.996349Z,2025-01-11T00:56:19Z,,579.86,,,,,73103215,quote
AAPL,2025-01-11T00:56:20.997903Z,,,,,,,,61705018,quote
QQQ,2025-01-11T00:56:39.998092Z,,,,506.55,,,,40525909,quote
SPY,2025-01-11T00:56:40.001076Z,,,,,,,,73103218,quote
SPY,2025-01-11T00:56:40.002417Z,,,,,,,,73103243,quote
AAPL,2025-01-11T00:56:40.004592Z,,,,,,,,61705020,quote
QQQ,2025-01-11T00:56:40.006313Z,,,,,,,,40525919,quote
SPY,2025-01-11T00:56:40.007933Z,,,,,,,,73103244,quote
,2025-01-11T00:56:40.011964Z,,2025-01-11T00:56:36Z,,,,,,,heartbeat
QQQ,2025-01-11T00:56:40.012620Z,2025-01-11T00:56:36Z,,506.59,,400,,400,40526319,quote
QQQ,2025-01-11T00:56:40.013137Z,,,,,,,,40526327,quote
SPY,2025-01-11T00:56:54.024478Z,,,,,,,,73103247,quote
SPY,2025-01-11T00:56:54.028574Z,,,,,,,,73103249,quote
SPY,2025-01-11T00:56:54.030860Z,,,,,579.79,,400,73103282,quote
QQQ,2025-01-11T00:56:54.032722Z,,,,,300,,300,40526522,quote
SPY,2025-01-11T00:56:54.034747Z,,,,,,,,73103287,quote
QQQ,2025-01-11T00:56:54.036094Z,,,,,,,,40526526,quote
QQQ,2025-01-11T00:56:54.037280Z,,,,506.57,,,,40526528,quote
AAPL,2025-01-11T00:56:54.038691Z,,,,,,,,61705025,quote
SPY,2025-01-11T00:56:54.039982Z,,,,,,,,73103322,quote
AAPL,2025-01-11T00:56:54.041944Z,,,,200,,200,,61705075,quote
SPY,2025-01-11T00:56:54.043618Z,,,,,,,,73103323,quote
QQQ,2025-01-11T00:57:04.982281Z,,,,506.55,,,,40526606,quote
QQQ,2025-01-11T00:57:04.985963Z,,,,,,,,40526608,quote
QQQ,2025-01-11T00:57:04.987988Z,,,,,506.6,,700,40527325,quote
SPY,2025-01-11T00:57:04.990055Z,2025-01-11T00:56:56Z,,579.79,,,,,73103536,quote
QQQ,2025-01-11T00:57:04.992155Z,,,,,,,,40527326,quote
QQQ,2025-01-11T00:57:04.993566Z,,,,,,,,40527327,quote
,2025-01-11T00:57:04.995145Z,,2025-01-11T00:57:03Z,,,,,,,heartbeat
AAPL,2025-01-11T00:57:04.996674Z,,,,237.02,,100,,61705114,quote
QQQ,2025-01-11T00:57:04.998644Z,,,,,,,,40527328,quote
AAPL,2025-01-11T00:57:15.982407Z,,,,,,,,61705115,quote
QQQ,2025-01-11T00:57:15.986018Z,,,,506.47,,,,40528081,quote
QQQ,2025-01-11T00:57:15.987936Z,,,,,506.55,,400,40528176,quote
SPY,2025-01-11T00:57:15.989947Z,,,,,,,,73103546,quote
AAPL,2025-01-11T00:57:15.991741Z,,,,,,,,61705116,quote
AAPL,2025-01-11T00:57:15.993790Z,,,,,,,,61705140,quote
SPY,2025-01-11T00:57:15.995033Z,,,,,,,,73103550,quote
QQQ,2025-01-11T00:57:15.996474Z,,,,,300,,300,40528226,quote
AAPL,2025-01-11T00:57:15.997932Z,,,,,,,,61705141,quote
SPY,2025-01-11T00:57:15.999366Z,,,,,,,,73103551,quote
QQQ,2025-01-11T00:57:16.001114Z,,,,,,,,40528254,quote
AAPL,2025-01-11T00:57:24.981988Z,,,,,,,,61705146,quote
SPY,2025-01-11T00:57:24.985096Z,,,,,,,,73103555,quote
QQQ,2025-01-11T00:57:24.987707Z,,,,,,,,40528256,quote
QQQ,2025-01-11T00:57:24.989045Z,,,,,,,,40528264,quote
QQQ,2025-01-11T00:57:24.990363Z,,,,,,,,40528265,quote
SPY,2025-01-11T00:57:24.991389Z,,,,,,,,73103556,quote
QQQ,2025-01-11T00:57:24.992974Z,,,,,,,,40528349,quote
AAPL,2025-01-11T00:57:24.994536Z,,,,237.03,,,,61705187,quote
SPY,2025-01-11T00:57:24.995717Z,,,,,,,,73103559,quote
QQQ,2025-01-11T00:57:24.997631Z,,,,,,,,40528369,quote
AAPL,2025-01-11T00:57:25.003178Z,,,,,,,,61705188,quote
AAPL,2025-01-11T00:57:25.006158Z,,,,,,,,61705189,quote
AAPL,2025-01-11T00:57:35.982614Z,2025-01-11T00:57:23Z,,237.03,237,,200,,61705289,quote
QQQ,2025-01-11T00:57:35.986406Z,,,,,200,,200,40528483,quote
AAPL,2025-01-11T00:57:35.988403Z,,,,,,,,61705290,quote
SPY,2025-01-11T00:57:35.990353Z,,,,,,,,73103569,quote
SPY,2025-01-11T00:57:35.992209Z,,,,,,,,73103570,quote
AAPL,2025-01-11T00:57:35.993768Z,2025-01-11T00:57:33Z,,237.0399,,,,,61705891,quote
SPY,2025-01-11T00:57:35.995348Z,,,,,,,,73103571,quote
SPY,2025-01-11T00:57:47.989511Z,2025-01-11T00:57:35Z,,,579.79,579.86,100,1900,73104030,quote
QQQ,2025-01-11T00:57:47.993546Z,,,,,100,,100,40528671,quote
SPY,2025-01-11T00:57:47.995572Z,,,,,,,,73104031,quote
QQQ,2025-01-11T00:57:47.997456Z,,,,,,,,40528680,quote
QQQ,2025-01-11T00:57:47.999349Z,,,,,,,,40528681,quote
SPY,2025-01-11T00:57:48.001407Z,,,,579.72,,200,,,quote
AAPL,2025-01-11T00:57:48.003396Z,,,,,,,,61705916,quote
QQQ,2025-01-11T00:57:48.004914Z,,,,,,,,40528685,quote
SPY,2025-01-11T00:57:48.006519Z,,,,579.73,,300,,,quote
QQQ,2025-01-11T00:58:00.073438Z,,,,,,,,40528706,quote
QQQ,2025-01-11T00:58:00.076930Z,,,,506.45,506.54,500,,40529678,quote
QQQ,2025-01-11T00:58:00.078593Z,,,,,506.55,,,,quote
AAPL,2025-01-11T00:58:00.079825Z,2025-01-11T00:57:50Z,,237.03,,,,,61706016,quote
SPY,2025-01-11T00:58:00.081121Z,,,,,,,,73104032,quote
AAPL,2025-01-11T00:58:00.081923Z,,,,,,,,61706026,quote
QQQ,2025-01-11T00:58:00.082718Z,,,,,,,,40529806,quote
AAPL,2025-01-11T00:58:00.083907Z,,,,,,,,61706029,quote
AAPL,2025-01-11T00:58:10.007412Z,2025-01-11T00:57:58Z,,237,,,,,61709029,quote
SPY,2025-01-11T00:58:10.011418Z,,,,,,,,73104042,quote
AAPL,2025-01-11T00:58:10.013581Z,,,,,,,,61709043,quote
SPY,2025-01-11T00:58:10.015710Z,,,,579.75,,200,,,quote
SPY,2025-01-11T00:58:10.017996Z,,,,,,,,73104044,quote
AAPL,2025-01-11T00:58:10.019955Z,,,,,,,,61709044,quote
SPY,2025-01-11T00:58:10.021540Z,,,,,,,,73104045,quote
QQQ,2025-01-11T00:58:10.023472Z,,,,,506.58,,500,40530014,quote
QQQ,2025-01-11T00:58:10.024903Z,,,,,,,,40530016,quote
SPY,2025-01-11T00:58:10.026503Z,,,,,,,,73104046,quote
AAPL,2025-01-11T00:58:25.986273Z,,,,,,,,61709046,quote
SPY,2025-01-11T00:58:25.988626Z,,,,579.76,,300,,,quote
AAPL,2025-01-11T00:58:25.989667Z,,,,,,,,61709048,quote
QQQ,2025-01-11T00:58:25.990703Z,,,,,,,,40530086,quote
SPY,2025-01-11T00:58:25.991998Z,,,,,,,,73104057,quote
,2025-01-11T00:58:25.993263Z,,2025-01-11T00:58:18Z,,,,,,,heartbeat
SPY,2025-01-11T00:58:25.994629Z,,,,,579.83,,100,,quote
SPY,2025-01-11T00:58:25.995794Z,,,,200,,200,,73104098,quote
SPY,2025-01-11T00:58:25.997424Z,,,,,,,,73104108,quote
QQQ,2025-01-11T00:58:25.999338Z,,,,,,,,40530087,quote
SPY,2025-01-11T00:58:26.001336Z,,,,,,,,73104110,quote
SPY,2025-01-11T00:58:26.002948Z,,,,,,,,73104111,quote
QQQ,2025-01-11T00:58:42.986975Z,,,,,400,,400,40530097,quote
QQQ,2025-01-11T00:58:42.990688Z,,,,,,,,40530099,quote
QQQ,2025-01-11T00:58:42.993063Z,,,,506.47,,100,,40530156,quote
SPY,2025-01-11T00:58:42.994803Z,,,,,,,,73104115,quote
AAPL,2025-01-11T00:58:42.996136Z,,,,,,,,61709058,quote
AAPL,2025-01-11T00:58:42.997545Z,,,,,,,,61709059,quote
SPY,2025-01-11T00:58:42.998707Z,,,,,,,,73104116,quote
QQQ,2025-01-11T00:58:42.999769Z,,,,,,,,40530176,quote
AAPL,2025-01-11T00:58:43.001258Z,,,,,,,,61709060,quote
SPY,2025-01-11T00:58:43.002650Z,,,,,,,,73104123,quote
QQQ,2025-01-11T00:58:43.003928Z,,,,,,,,40530269,quote
AAPL,2025-01-11T00:58:43.005072Z,,,,,,,,61709260,quote
QQQ,2025-01-11T00:58:56.088848Z,,,,,,,,40530272,quote
SPY,2025-01-11T00:58:56.092140Z,,,,,579.82,,200,,quote
AAPL,2025-01-11T00:58:56.094184Z,2025-01-11T00:58:47Z,,237.02,,,,,61709761,quote
SPY,2025-01-11T00:58:56.096308Z,,,,,,,,73104125,quote
AAPL,2025-01-11T00:58:56.098107Z,,,,,,,,61709762,quote
QQQ,2025-01-11T00:58:56.099601Z,,,,,,,,40530277,quote
SPY,2025-01-11T00:58:56.101078Z,,,,,579.8,,100,,quote
AAPL,2025-01-11T00:59:09.986591Z,2025-01-11T00:58:55Z,,237.0396,,,,,61710374,quote
SPY,2025-01-11T00:59:09.990429Z,,,,,,,,73104175,quote
QQQ,2025-01-11T00:59:09.992894Z,,,,506.5,300,,300,40530282,quote
QQQ,2025-01-11T00:59:09.995085Z,,,,,,,,40530283,quote
SPY,2025-01-11T00:59:09.997247Z,,,,,,,,73104177,quote
SPY,2025-01-11T00:59:09.998987Z,,,,,,,,73104179,quote
QQQ,2025-01-11T00:59:10.001443Z,2025-01-11T00:59:04Z,,506.5,,,,,40530783,quote
AAPL,2025-01-11T00:59:10.003480Z,,,,,,,,61710378,quote
QQQ,2025-01-11T00:59:10.005518Z,,,,,,,,40530793,quote
QQQ,2025-01-11T00:59:15.031557Z,,,,,,,,40530794,quote
AAPL,2025-01-11T00:59:15.035108Z,,,,,,,,61710393,quote
QQQ,2025-01-11T00:59:15.037389Z,2025-01-11T00:59:09Z,,506.5799,,,,,40531363,quote
AAPL,2025-01-11T00:59:15.040Z,,,,,,,,61710394,quote
AAPL,2025-01-11T00:59:15.042084Z,,,,,,,,61710415,quote
SPY,2025-01-11T00:59:15.044165Z,2025-01-11T00:59:12Z,,579.78,,579.78,,,73104328,quote
QQQ,2025-01-11T00:59:23.988103Z,,,,506.45,506.49,,400,40531603,quote
QQQ,2025-01-11T00:59:23.992277Z,,,,,,,,40531607,quote
SPY,2025-01-11T00:59:23.994497Z,,,,,,,,73104333,quote
AAPL,2025-01-11T00:59:23.996419Z,,,,,,,,61710416,quote
AAPL,2025-01-11T00:59:23.998025Z,,,,,,,,61710417,quote
QQQ,2025-01-11T00:59:24.000238Z,,,,,,,,40531617,quote
AAPL,2025-01-11T00:59:24.001951Z,,,,,,,,61710418,quote
QQQ,2025-01-11T00:59:24.003533Z,,,,,,,,40531637,quote
SPY,2025-01-11T00:59:24.004795Z,,,,,,,,73104338,quote
SPY,2025-01-11T00:59:24.005855Z,,,,,,,,73104378,quote
QQQ,2025-01-11T00:59:24.006894Z,,,,,300,,300,40531747,quote
QQQ,2025-01-11T00:59:24.007973Z,,,,,,,,40531771,quote
QQQ,2025-01-11T00:59:38.987902Z,,,,,,,,40531821,quote
SPY,2025-01-11T00:59:38.991449Z,,,,,,,,73104492,quote
QQQ,2025-01-11T00:59:38.993831Z,,,,,,,,40531860,quote
QQQ,2025-01-11T00:59:38.995554Z,,,,,,,,40531926,quote
SPY,2025-01-11T00:59:38.997468Z,,,,,,,,73104496,quote
SPY,2025-01-11T00:59:38.999040Z,,,,,,,,73104498,quote
QQQ,2025-01-11T00:59:39.000920Z,,,,,,,,40531948,quote
AAPL,2025-01-11T00:59:39.002331Z,,,,,,,,61710419,quote
SPY,2025-01-11T00:59:39.004289Z,,,,,,,,73104502,quote
QQQ,2025-01-11T00:59:39.005748Z,,,,,,,,40531958,quote
QQQ,2025-01-11T00:59:39.007348Z,,,,,200,,200,40532005,quote
QQQ,2025-01-11T00:59:45.032954Z,,,,,,,,40532006,quote
SPY,2025-01-11T00:59:45.036198Z,2025-01-11T00:59:38Z,,579.7817,579.78,579.83,,,73104923,quote
QQQ,2025-01-11T00:59:45.038567Z,,,,,,,,40532030,quote
QQQ,2025-01-11T00:59:45.040726Z,2025-01-11T00:59:40Z,,506.47,,,,,40532130,quote
SPY,2025-01-11T00:59:45.043617Z,,,,579.75,,200,,73104948,quote
SPY,2025-01-11T00:59:45.045039Z,,,,,,,,73104949,quote
AAPL,2025-01-11T00:59:49.131311Z,2025-01-11T00:59:44Z,,237.02,,,,,61710839,quote
SPY,2025-01-11T00:59:49.135735Z,,,,,579.84,,300,73104969,quote
AAPL,2025-01-11T00:59:49.137010Z,,,,,,,,61710840,quote
SPY,2025-01-11T00:59:49.138082Z,,,,,,,,73104970,quote
QQQ,2025-01-11T00:59:49.139235Z,2025-01-11T00:59:46Z,,506.49,506.49,506.58,200,300,40532391,quote
SPY,2025-01-11T01:00:01.008543Z,,,,579.76,,300,,73104990,quote
AAPL,2025-01-11T01:00:01.012189Z,,,,,,,,61710855,quote
SPY,2025-01-11T01:00:01.013782Z,,,,,,,,73105010,quote
QQQ,2025-01-11T01:00:01.015008Z,2025-01-11T00:59:52Z,,506.5799,,,,,40532492,quote
SPY,2025-01-11T01:00:01.016630Z,,,,,,,,73105026,quote
SPY,2025-01-11T01:00:01.018045Z,,,,,,,,73105046,quote
QQQ,2025-01-11T01:00:01.019324Z,,,,,,,,40532495,quote
AAPL,2025-01-11T01:00:01.020393Z,,,,,,,,61710856,quote
SPY,2025-01-11T01:00:40.988373Z,2025-01-11T01:00:00Z,,580.49,,,,,75299754,quote
,2025-01-11T01:00:40.992018Z,,2025-01-11T01:00:06Z,,,,,,,heartbeat
,2025-01-11T01:00:40.994280Z,,2025-01-11T01:00:10Z,,,,,,,heartbeat
,2025-01-11T01:00:40.995464Z,,2025-01-11T01:00:16Z,,,,,,,heartbeat
,2025-01-11T01:00:40.996862Z,,2025-01-11T01:00:20Z,,,,,,,heartbeat
,2025-01-11T01:00:40.998324Z,,2025-01-11T01:00:25Z,,,,,,,heartbeat
,2025-01-11T01:00:40.999581Z,,2025-01-11T01:00:31Z,,,,,,,heartbeat
,2025-01-11T01:00:41.001546Z,,2025-01-11T01:00:35Z,,,,,,,heartbeat
,2025-01-11T01:01:31.020611Z,,2025-01-11T01:00:40Z,,,,,,,heartbeat
,2025-01-11T01:01:31.023821Z,,2025-01-11T01:00:46Z,,,,,,,heartbeat
,2025-01-11T01:01:31.025319Z,,2025-01-11T01:00:51Z,,,,,,,heartbeat
,2025-01-11T01:01:31.026737Z,,2025-01-11T01:00:56Z,,,,,,,heartbeat
,2025-01-11T01:01:31.027719Z,,2025-01-11T01:01:00Z,,,,,,,heartbeat
,2025-01-11T01:01:31.029050Z,,2025-01-11T01:01:05Z,,,,,,,heartbeat
,2025-01-11T01:01:31.030216Z,,2025-01-11T01:01:10Z,,,,,,,heartbeat
,2025-01-11T01:01:31.031433Z,,2025-01-11T01:01:16Z,,,,,,,heartbeat
,2025-01-11T01:01:31.032584Z,,2025-01-11T01:01:21Z,,,,,,,heartbeat
,2025-01-11T01:01:31.033975Z,,2025-01-11T01:01:26Z,,,,,,,heartbeat
,2025-01-11T01:02:16.074565Z,,2025-01-11T01:01:31Z,,,,,,,heartbeat
,2025-01-11T01:02:16.078779Z,,2025-01-11T01:01:36Z,,,,,,,heartbeat
,2025-01-11T01:02:16.083593Z,,2025-01-11T01:01:41Z,,,,,,,heartbeat
,2025-01-11T01:02:16.085084Z,,2025-01-11T01:01:46Z,,,,,,,heartbeat
,2025-01-11T01:02:16.086384Z,,2025-01-11T01:01:51Z,,,,,,,heartbeat
,2025-01-11T01:02:16.087827Z,,2025-01-11T01:01:56Z,,,,,,,heartbeat
,2025-01-11T01:02:16.089098Z,,2025-01-11T01:02:01Z,,,,,,,heartbeat
,2025-01-11T01:02:16.090695Z,,2025-01-11T01:02:06Z,,,,,,,heartbeat
,2025-01-11T01:02:16.092057Z,,2025-01-11T01:02:11Z,,,,,,,heartbeat
,2025-01-11T01:03:06.046082Z,,2025-01-11T01:02:16Z,,,,,,,heartbeat
,2025-01-11T01:03:06.050191Z,,2025-01-11T01:02:21Z,,,,,,,heartbeat
,2025-01-11T01:03:06.052580Z,,2025-01-11T01:02:26Z,,,,,,,heartbeat
,2025-01-11T01:03:06.054512Z,,2025-01-11T01:02:31Z,,,,,,,heartbeat
,2025-01-11T01:03:06.056890Z,,2025-01-11T01:02:36Z,,,,,,,heartbeat
,2025-01-11T01:03:06.058914Z,,2025-01-11T01:02:41Z,,,,,,,heartbeat
,2025-01-11T01:03:06.060562Z,,2025-01-11T01:02:46Z,,,,,,,heartbeat
,2025-01-11T01:03:06.062221Z,,2025-01-11T01:02:51Z,,,,,,,heartbeat
,2025-01-11T01:03:06.063423Z,,2025-01-11T01:02:56Z,,,,,,,heartbeat
,2025-01-11T01:03:06.064577Z,,2025-01-11T01:03:01Z,,,,,,,heartbeat
,2025-01-11T01:03:56.018081Z,,2025-01-11T01:03:06Z,,,,,,,heartbeat
,2025-01-11T01:03:56.021642Z,,2025-01-11T01:03:11Z,,,,,,,heartbeat
,2025-01-11T01:03:56.023572Z,,2025-01-11T01:03:16Z,,,,,,,heartbeat
,2025-01-11T01:03:56.026183Z,,2025-01-11T01:03:21Z,,,,,,,heartbeat
,2025-01-11T01:03:56.027488Z,,2025-01-11T01:03:25Z,,,,,,,heartbeat
,2025-01-11T01:03:56.028958Z,,2025-01-11T01:03:30Z,,,,,,,heartbeat
,2025-01-11T01:03:56.030155Z,,2025-01-11T01:03:35Z,,,,,,,heartbeat
,2025-01-11T01:03:56.031226Z,,2025-01-11T01:03:40Z,,,,,,,heartbeat
,2025-01-11T01:03:56.032227Z,,2025-01-11T01:03:45Z,,,,,,,heartbeat
,2025-01-11T01:03:56.033804Z,,2025-01-11T01:03:50Z,,,,,,,heartbeat
,2025-01-11T01:04:36.060640Z,,2025-01-11T01:03:55Z,,,,,,,heartbeat
,2025-01-11T01:04:36.064169Z,,2025-01-11T01:04:01Z,,,,,,,heartbeat
SPY,2025-01-11T01:04:36.066247Z,,,,,,,,73105046,quote
,2025-01-11T01:04:36.068336Z,,2025-01-11T01:04:05Z,,,,,,,heartbeat
,2025-01-11T01:04:36.070289Z,,2025-01-11T01:04:10Z,,,,,,,heartbeat
,2025-01-11T01:04:36.071998Z,,2025-01-11T01:04:16Z,,,,,,,heartbeat
,2025-01-11T01:04:36.073960Z,,2025-01-11T01:04:21Z,,,,,,,heartbeat
,2025-01-11T01:04:36.076055Z,,2025-01-11T01:04:26Z,,,,,,,heartbeat
,2025-01-11T01:04:36.077480Z,,2025-01-11T01:04:31Z,,,,,,,heartbeat
,2025-01-11T01:05:26.029713Z,,2025-01-11T01:04:35Z,,,,,,,heartbeat
,2025-01-11T01:05:26.033718Z,,2025-01-11T01:04:41Z,,,,,,,heartbeat
,2025-01-11T01:05:26.035684Z,,2025-01-11T01:04:45Z,,,,,,,heartbeat
,2025-01-11T01:05:26.037532Z,,2025-01-11T01:04:51Z,,,,,,,heartbeat
,2025-01-11T01:05:26.039008Z,,2025-01-11T01:04:56Z,,,,,,,heartbeat
,2025-01-11T01:05:26.040291Z,,2025-01-11T01:05:00Z,,,,,,,heartbeat
,2025-01-11T01:05:26.041977Z,,2025-01-11T01:05:06Z,,,,,,,heartbeat
,2025-01-11T01:05:26.043015Z,,2025-01-11T01:05:11Z,,,,,,,heartbeat
,2025-01-11T01:05:26.044297Z,,2025-01-11T01:05:16Z,,,,,,,heartbeat
,2025-01-11T01:05:26.045683Z,,2025-01-11T01:05:21Z,,,,,,,heartbeat
,2025-01-11T01:06:10.991938Z,,2025-01-11T01:05:26Z,,,,,,,heartbeat
,2025-01-11T01:06:10.995575Z,,2025-01-11T01:05:31Z,,,,,,,heartbeat
,2025-01-11T01:06:10.998053Z,,2025-01-11T01:05:36Z,,,,,,,heartbeat
,2025-01-11T01:06:11.000416Z,,2025-01-11T01:05:41Z,,,,,,,heartbeat
,2025-01-11T01:06:11.002812Z,,2025-01-11T01:05:46Z,,,,,,,heartbeat
,2025-01-11T01:06:11.004274Z,,2025-01-11T01:05:51Z,,,,,,,heartbeat
,2025-01-11T01:06:11.017518Z,,2025-01-11T01:05:56Z,,,,,,,heartbeat
,2025-01-11T01:06:11.018719Z,,2025-01-11T01:06:01Z,,,,,,,heartbeat
,2025-01-11T01:06:11.019457Z,,2025-01-11T01:06:06Z,,,,,,,heartbeat
,2025-01-11T01:07:00.988532Z,,2025-01-11T01:06:11Z,,,,,,,heartbeat
,2025-01-11T01:07:00.992424Z,,2025-01-11T01:06:16Z,,,,,,,heartbeat
,2025-01-11T01:07:00.994483Z,,2025-01-11T01:06:21Z,,,,,,,heartbeat
,2025-01-11T01:07:00.996357Z,,2025-01-11T01:06:26Z,,,,,,,heartbeat
,2025-01-11T01:07:00.998110Z,,2025-01-11T01:06:31Z,,,,,,,heartbeat
,2025-01-11T01:07:01.000022Z,,2025-01-11T01:06:36Z,,,,,,,heartbeat
,2025-01-11T01:07:01.001365Z,,2025-01-11T01:06:41Z,,,,,,,heartbeat
,2025-01-11T01:07:01.002633Z,,2025-01-11T01:06:46Z,,,,,,,heartbeat
,2025-01-11T01:07:01.003780Z,,2025-01-11T01:06:50Z,,,,,,,heartbeat
,2025-01-11T01:07:01.005334Z,,2025-01-11T01:06:56Z,,,,,,,heartbeat
,2025-01-11T01:07:46.113065Z,,2025-01-11T01:07:01Z,,,,,,,heartbeat
,2025-01-11T01:07:46.116955Z,,2025-01-11T01:07:05Z,,,,,,,heartbeat
,2025-01-11T01:07:46.119457Z,,2025-01-11T01:07:10Z,,,,,,,heartbeat
,2025-01-11T01:07:46.121691Z,,2025-01-11T01:07:15Z,,,,,,,heartbeat
,2025-01-11T01:07:46.123382Z,,2025-01-11T01:07:21Z,,,,,,,heartbeat
,2025-01-11T01:07:46.125065Z,,2025-01-11T01:07:25Z,,,,,,,heartbeat
,2025-01-11T01:07:46.126408Z,,2025-01-11T01:07:30Z,,,,,,,heartbeat
,2025-01-11T01:07:46.127972Z,,2025-01-11T01:07:36Z,,,,,,,heartbeat
,2025-01-11T01:07:46.129191Z,,2025-01-11T01:07:41Z,,,,,,,heartbeat
,2025-01-11T01:08:36.084246Z,,2025-01-11T01:07:45Z,,,,,,,heartbeat
,2025-01-11T01:08:36.087771Z,,2025-01-11T01:07:51Z,,,,,,,heartbeat
,2025-01-11T01:08:36.090036Z,,2025-01-11T01:07:56Z,,,,,,,heartbeat
,2025-01-11T01:08:36.092203Z,,2025-01-11T01:08:01Z,,,,,,,heartbeat
,2025-01-11T01:08:36.094067Z,,2025-01-11T01:08:06Z,,,,,,,heartbeat
,2025-01-11T01:08:36.096059Z,,2025-01-11T01:08:10Z,,,,,,,heartbeat
,2025-01-11T01:08:36.097391Z,,2025-01-11T01:08:16Z,,,,,,,heartbeat
,2025-01-11T01:08:36.099225Z,,2025-01-11T01:08:21Z,,,,,,,heartbeat
,2025-01-11T01:08:36.100946Z,,2025-01-11T01:08:25Z,,,,,,,heartbeat
,2025-01-11T01:08:36.102113Z,,2025-01-11T01:08:31Z,,,,,,,heartbeat
,2025-01-11T01:09:21.051508Z,,2025-01-11T01:08:35Z,,,,,,,heartbeat
,2025-01-11T01:09:21.056085Z,,2025-01-11T01:08:41Z,,,,,,,heartbeat
,2025-01-11T01:09:21.058565Z,,2025-01-11T01:08:46Z,,,,,,,heartbeat
,2025-01-11T01:09:21.060441Z,,2025-01-11T01:08:51Z,,,,,,,heartbeat
,2025-01-11T01:09:21.062461Z,,2025-01-11T01:08:56Z,,,,,,,heartbeat
,2025-01-11T01:09:21.063863Z,,2025-01-11T01:09:01Z,,,,,,,heartbeat
,2025-01-11T01:09:21.065965Z,,2025-01-11T01:09:06Z,,,,,,,heartbeat
,2025-01-11T01:09:21.067885Z,,2025-01-11T01:09:11Z,,,,,,,heartbeat
,2025-01-11T01:09:21.069365Z,,2025-01-11T01:09:16Z,,,,,,,heartbeat
,2025-01-11T01:10:11.023241Z,,2025-01-11T01:09:21Z,,,,,,,heartbeat
,2025-01-11T01:10:11.027049Z,,2025-01-11T01:09:26Z,,,,,,,heartbeat
,2025-01-11T01:10:11.029237Z,,2025-01-11T01:09:31Z,,,,,,,heartbeat
,2025-01-11T01:10:11.031305Z,,2025-01-11T01:09:36Z,,,,,,,heartbeat
,2025-01-11T01:10:11.033729Z,,2025-01-11T01:09:41Z,,,,,,,heartbeat
,2025-01-11T01:10:11.035518Z,,2025-01-11T01:09:46Z,,,,,,,heartbeat
,2025-01-11T01:10:11.037688Z,,2025-01-11T01:09:51Z,,,,,,,heartbeat
,2025-01-11T01:10:11.039310Z,,2025-01-11T01:09:56Z,,,,,,,heartbeat
,2025-01-11T01:10:11.041045Z,,2025-01-11T01:10:01Z,,,,,,,heartbeat
,2025-01-11T01:10:11.042385Z,,2025-01-11T01:10:06Z,,,,,,,heartbeat
,2025-01-11T01:10:56.079603Z,,2025-01-11T01:10:11Z,,,,,,,heartbeat
,2025-01-11T01:10:56.083248Z,,2025-01-11T01:10:16Z,,,,,,,heartbeat
,2025-01-11T01:10:56.085121Z,,2025-01-11T01:10:21Z,,,,,,,heartbeat
,2025-01-11T01:10:56.087224Z,,2025-01-11T01:10:26Z,,,,,,,heartbeat
,2025-01-11T01:10:56.089292Z,,2025-01-11T01:10:31Z,,,,,,,heartbeat
,2025-01-11T01:10:56.091238Z,,2025-01-11T01:10:36Z,,,,,,,heartbeat
,2025-01-11T01:10:56.092693Z,,2025-01-11T01:10:41Z,,,,,,,heartbeat
,2025-01-11T01:10:56.094161Z,,2025-01-11T01:10:46Z,,,,,,,heartbeat
,2025-01-11T01:10:56.095858Z,,2025-01-11T01:10:51Z,,,,,,,heartbeat
,2025-01-11T01:11:45.990032Z,,2025-01-11T01:10:55Z,,,,,,,heartbeat
,2025-01-11T01:11:45.993709Z,,2025-01-11T01:11:01Z,,,,,,,heartbeat
,2025-01-11T01:11:45.995702Z,,2025-01-11T01:11:05Z,,,,,,,heartbeat
,2025-01-11T01:11:45.997719Z,,2025-01-11T01:11:10Z,,,,,,,heartbeat
,2025-01-11T01:11:45.999509Z,,2025-01-11T01:11:15Z,,,,,,,heartbeat
,2025-01-11T01:11:46.000855Z,,2025-01-11T01:11:21Z,,,,,,,heartbeat
,2025-01-11T01:11:46.002276Z,,2025-01-11T01:11:26Z,,,,,,,heartbeat
,2025-01-11T01:11:46.003480Z,,2025-01-11T01:11:30Z,,,,,,,heartbeat
,2025-01-11T01:11:46.004631Z,,2025-01-11T01:11:36Z,,,,,,,heartbeat
,2025-01-11T01:11:46.006687Z,,2025-01-11T01:11:41Z,,,,,,,heartbeat
,2025-01-11T01:12:31.107340Z,,2025-01-11T01:11:46Z,,,,,,,heartbeat
,2025-01-11T01:12:31.110898Z,,2025-01-11T01:11:50Z,,,,,,,heartbeat
,2025-01-11T01:12:31.113143Z,,2025-01-11T01:11:56Z,,,,,,,heartbeat
,2025-01-11T01:12:31.115716Z,,2025-01-11T01:12:00Z,,,,,,,heartbeat
,2025-01-11T01:12:31.117717Z,,2025-01-11T01:12:05Z,,,,,,,heartbeat
,2025-01-11T01:12:31.119167Z,,2025-01-11T01:12:10Z,,,,,,,heartbeat
,2025-01-11T01:12:31.120328Z,,2025-01-11T01:12:16Z,,,,,,,heartbeat
,2025-01-11T01:12:31.121361Z,,2025-01-11T01:12:21Z,,,,,,,heartbeat
,2025-01-11T01:12:31.122503Z,,2025-01-11T01:12:26Z,,,,,,,heartbeat
,2025-01-11T01:13:21.088328Z,,2025-01-11T01:12:31Z,,,,,,,heartbeat
,2025-01-11T01:13:21.092070Z,,2025-01-11T01:12:36Z,,,,,,,heartbeat
,2025-01-11T01:13:21.094047Z,,2025-01-11T01:12:41Z,,,,,,,heartbeat
,2025-01-11T01:13:21.096380Z,,2025-01-11T01:12:46Z,,,,,,,heartbeat
,2025-01-11T01:13:21.098465Z,,2025-01-11T01:12:51Z,,,,,,,heartbeat
,2025-01-11T01:13:21.100094Z,,2025-01-11T01:12:56Z,,,,,,,heartbeat
,2025-01-11T01:13:21.101746Z,,2025-01-11T01:13:01Z,,,,,,,heartbeat
,2025-01-11T01:13:21.103740Z,,2025-01-11T01:13:06Z,,,,,,,heartbeat
,2025-01-11T01:13:21.105199Z,,2025-01-11T01:13:11Z,,,,,,,heartbeat
,2025-01-11T01:13:21.106271Z,,2025-01-11T01:13:16Z,,,,,,,heartbeat
,2025-01-11T01:14:06.040592Z,,2025-01-11T01:13:21Z,,,,,,,heartbeat
,2025-01-11T01:14:06.043613Z,,2025-01-11T01:13:26Z,,,,,,,heartbeat
,2025-01-11T01:14:06.045492Z,,2025-01-11T01:13:31Z,,,,,,,heartbeat
,2025-01-11T01:14:06.048156Z,,2025-01-11T01:13:36Z,,,,,,,heartbeat
,2025-01-11T01:14:06.050499Z,,2025-01-11T01:13:41Z,,,,,,,heartbeat
,2025-01-11T01:14:06.052488Z,,2025-01-11T01:13:46Z,,,,,,,heartbeat
,2025-01-11T01:14:06.054566Z,,2025-01-11T01:13:51Z,,,,,,,heartbeat
,2025-01-11T01:14:06.056938Z,,2025-01-11T01:13:56Z,,,,,,,heartbeat
,2025-01-11T01:14:06.058773Z,,2025-01-11T01:14:01Z,,,,,,,heartbeat
,2025-01-11T01:14:55.998480Z,,2025-01-11T01:14:06Z,,,,,,,heartbeat
,2025-01-11T01:14:56.002073Z,,2025-01-11T01:14:11Z,,,,,,,heartbeat
,2025-01-11T01:14:56.003950Z,,2025-01-11T01:14:16Z,,,,,,,heartbeat
,2025-01-11T01:14:56.006155Z,,2025-01-11T01:14:21Z,,,,,,,heartbeat
,2025-01-11T01:14:56.008045Z,,2025-01-11T01:14:26Z,,,,,,,heartbeat
,2025-01-11T01:14:56.009675Z,,2025-01-11T01:14:30Z,,,,,,,heartbeat
,2025-01-11T01:14:56.010970Z,,2025-01-11T01:14:36Z,,,,,,,heartbeat
,2025-01-11T01:14:56.012509Z,,2025-01-11T01:14:40Z,,,,,,,heartbeat
,2025-01-11T01:14:56.014382Z,,2025-01-11T01:14:46Z,,,,,,,heartbeat
,2025-01-11T01:14:56.015621Z,,2025-01-11T01:14:51Z,,,,,,,heartbeat
,2025-01-11T01:15:41.069199Z,,2025-01-11T01:14:56Z,,,,,,,heartbeat
,2025-01-11T01:15:41.073703Z,,2025-01-11T01:15:01Z,,,,,,,heartbeat
,2025-01-11T01:15:41.076292Z,,2025-01-11T01:15:05Z,,,,,,,heartbeat
,2025-01-11T01:15:41.078872Z,,2025-01-11T01:15:11Z,,,,,,,heartbeat
,2025-01-11T01:15:41.081391Z,,2025-01-11T01:15:15Z,,,,,,,heartbeat
,2025-01-11T01:15:41.082828Z,,2025-01-11T01:15:21Z,,,,,,,heartbeat
,2025-01-11T01:15:41.084500Z,,2025-01-11T01:15:26Z,,,,,,,heartbeat
,2025-01-11T01:15:41.086079Z,,2025-01-11T01:15:30Z,,,,,,,heartbeat
,2025-01-11T01:15:41.087474Z,,2025-01-11T01:15:35Z,,,,,,,heartbeat
,2025-01-11T01:16:31.042056Z,,2025-01-11T01:15:41Z,,,,,,,heartbeat
,2025-01-11T01:16:31.045682Z,,2025-01-11T01:15:46Z,,,,,,,heartbeat
,2025-01-11T01:16:31.048012Z,,2025-01-11T01:15:50Z,,,,,,,heartbeat
,2025-01-11T01:16:31.049691Z,,2025-01-11T01:15:56Z,,,,,,,heartbeat
,2025-01-11T01:16:31.051005Z,,2025-01-11T01:16:01Z,,,,,,,heartbeat
,2025-01-11T01:16:31.052555Z,,2025-01-11T01:16:06Z,,,,,,,heartbeat
,2025-01-11T01:16:31.053843Z,,2025-01-11T01:16:11Z,,,,,,,heartbeat
,2025-01-11T01:16:31.056007Z,,2025-01-11T01:16:16Z,,,,,,,heartbeat
,2025-01-11T01:16:31.057825Z,,2025-01-11T01:16:21Z,,,,,,,heartbeat
,2025-01-11T01:16:31.059598Z,,2025-01-11T01:16:26Z,,,,,,,heartbeat
,2025-01-11T01:17:16.098607Z,,2025-01-11T01:16:31Z,,,,,,,heartbeat
,2025-01-11T01:17:16.102540Z,,2025-01-11T01:16:36Z,,,,,,,heartbeat
,2025-01-11T01:17:16.105041Z,,2025-01-11T01:16:41Z,,,,,,,heartbeat
,2025-01-11T01:17:16.107074Z,,2025-01-11T01:16:46Z,,,,,,,heartbeat
,2025-01-11T01:17:16.109031Z,,2025-01-11T01:16:51Z,,,,,,,heartbeat
,2025-01-11T01:17:16.110494Z,,2025-01-11T01:16:56Z,,,,,,,heartbeat
,2025-01-11T01:17:16.111859Z,,2025-01-11T01:17:01Z,,,,,,,heartbeat
,2025-01-11T01:17:16.113078Z,,2025-01-11T01:17:06Z,,,,,,,heartbeat
,2025-01-11T01:17:16.114988Z,,2025-01-11T01:17:11Z,,,,,,,heartbeat
,2025-01-11T01:18:06.069245Z,,2025-01-11T01:17:16Z,,,,,,,heartbeat
,2025-01-11T01:18:06.072765Z,,2025-01-11T01:17:21Z,,,,,,,heartbeat
,2025-01-11T01:18:06.075417Z,,2025-01-11T01:17:26Z,,,,,,,heartbeat
,2025-01-11T01:18:06.077802Z,,2025-01-11T01:17:31Z,,,,,,,heartbeat
,2025-01-11T01:18:06.080187Z,,2025-01-11T01:17:36Z,,,,,,,heartbeat
,2025-01-11T01:18:06.082611Z,,2025-01-11T01:17:41Z,,,,,,,heartbeat
,2025-01-11T01:18:06.084781Z,,2025-01-11T01:17:46Z,,,,,,,heartbeat
,2025-01-11T01:18:06.086983Z,,2025-01-11T01:17:51Z,,,,,,,heartbeat
,2025-01-11T01:18:06.088239Z,,2025-01-11T01:17:55Z,,,,,,,heartbeat
,2025-01-11T01:18:06.089656Z,,2025-01-11T01:18:01Z,,,,,,,heartbeat
,2025-01-11T01:18:51.127936Z,,2025-01-11T01:18:05Z,,,,,,,heartbeat
,2025-01-11T01:18:51.131638Z,,2025-01-11T01:18:10Z,,,,,,,heartbeat
,2025-01-11T01:18:51.134044Z,,2025-01-11T01:18:15Z,,,,,,,heartbeat
,2025-01-11T01:18:51.136471Z,,2025-01-11T01:18:21Z,,,,,,,heartbeat
,2025-01-11T01:18:51.138157Z,,2025-01-11T01:18:26Z,,,,,,,heartbeat
,2025-01-11T01:18:51.139779Z,,2025-01-11T01:18:30Z,,,,,,,heartbeat
,2025-01-11T01:18:51.140958Z,,2025-01-11T01:18:35Z,,,,,,,heartbeat
,2025-01-11T01:18:51.142030Z,,2025-01-11T01:18:40Z,,,,,,,heartbeat
,2025-01-11T01:18:51.143495Z,,2025-01-11T01:18:45Z,,,,,,,heartbeat
,2025-01-11T01:19:36.079652Z,,2025-01-11T01:18:51Z,,,,,,,heartbeat
,2025-01-11T01:19:36.083139Z,,2025-01-11T01:18:56Z,,,,,,,heartbeat
,2025-01-11T01:19:36.085202Z,,2025-01-11T01:19:01Z,,,,,,,heartbeat
,2025-01-11T01:19:36.087104Z,,2025-01-11T01:19:05Z,,,,,,,heartbeat
,2025-01-11T01:19:36.090031Z,,2025-01-11T01:19:10Z,,,,,,,heartbeat
,2025-01-11T01:19:36.092029Z,,2025-01-11T01:19:15Z,,,,,,,heartbeat
,2025-01-11T01:19:36.093813Z,,2025-01-11T01:19:20Z,,,,,,,heartbeat
,2025-01-11T01:19:36.095656Z,,2025-01-11T01:19:25Z,,,,,,,heartbeat
,2025-01-11T01:19:36.097299Z,,2025-01-11T01:19:31Z,,,,,,,heartbeat
,2025-01-11T01:20:26.004996Z,,2025-01-11T01:19:46Z,,,,,,,heartbeat
,2025-01-11T01:20:26.008669Z,,2025-01-11T01:19:51Z,,,,,,,heartbeat
,2025-01-11T01:20:26.011105Z,,2025-01-11T01:19:56Z,,,,,,,heartbeat
,2025-01-11T01:20:26.012916Z,,2025-01-11T01:20:01Z,,,,,,,heartbeat
,2025-01-11T01:20:26.014728Z,,2025-01-11T01:20:06Z,,,,,,,heartbeat
,2025-01-11T01:20:26.016150Z,,2025-01-11T01:20:11Z,,,,,,,heartbeat
,2025-01-11T01:20:26.017527Z,,2025-01-11T01:20:16Z,,,,,,,heartbeat
,2025-01-11T01:20:26.018686Z,,2025-01-11T01:20:21Z,,,,,,,heartbeat
,2025-01-11T01:21:11.110383Z,,2025-01-11T01:20:26Z,,,,,,,heartbeat
,2025-01-11T01:21:11.114119Z,,2025-01-11T01:20:31Z,,,,,,,heartbeat
,2025-01-11T01:21:11.116190Z,,2025-01-11T01:20:36Z,,,,,,,heartbeat
,2025-01-11T01:21:11.129882Z,,2025-01-11T01:20:41Z,,,,,,,heartbeat
,2025-01-11T01:21:11.131076Z,,2025-01-11T01:20:46Z,,,,,,,heartbeat
,2025-01-11T01:21:11.131984Z,,2025-01-11T01:20:51Z,,,,,,,heartbeat
,2025-01-11T01:21:11.132686Z,,2025-01-11T01:20:56Z,,,,,,,heartbeat
,2025-01-11T01:21:11.133382Z,,2025-01-11T01:21:01Z,,,,,,,heartbeat
,2025-01-11T01:21:11.134035Z,,2025-01-11T01:21:06Z,,,,,,,heartbeat
,2025-01-11T01:22:01.079889Z,,2025-01-11T01:21:11Z,,,,,,,heartbeat
,2025-01-11T01:22:01.083448Z,,2025-01-11T01:21:15Z,,,,,,,heartbeat
,2025-01-11T01:22:01.085503Z,,2025-01-11T01:21:20Z,,,,,,,heartbeat
,2025-01-11T01:22:01.087500Z,,2025-01-11T01:21:26Z,,,,,,,heartbeat
,2025-01-11T01:22:01.089457Z,,2025-01-11T01:21:31Z,,,,,,,heartbeat
,2025-01-11T01:22:01.091081Z,,2025-01-11T01:21:36Z,,,,,,,heartbeat
,2025-01-11T01:22:01.092435Z,,2025-01-11T01:21:41Z,,,,,,,heartbeat
,2025-01-11T01:22:01.094231Z,,2025-01-11T01:21:45Z,,,,,,,heartbeat
,2025-01-11T01:22:01.096003Z,,2025-01-11T01:21:51Z,,,,,,,heartbeat
,2025-01-11T01:22:01.097737Z,,2025-01-11T01:21:56Z,,,,,,,heartbeat
,2025-01-11T01:22:46.033922Z,,2025-01-11T01:22:00Z,,,,,,,heartbeat
,2025-01-11T01:22:46.037581Z,,2025-01-11T01:22:05Z,,,,,,,heartbeat
,2025-01-11T01:22:46.039908Z,,2025-01-11T01:22:10Z,,,,,,,heartbeat
,2025-01-11T01:22:46.041928Z,,2025-01-11T01:22:16Z,,,,,,,heartbeat
,2025-01-11T01:22:46.044181Z,,2025-01-11T01:22:20Z,,,,,,,heartbeat
,2025-01-11T01:22:46.046114Z,,2025-01-11T01:22:25Z,,,,,,,heartbeat
,2025-01-11T01:22:46.048177Z,,2025-01-11T01:22:30Z,,,,,,,heartbeat
,2025-01-11T01:22:46.049822Z,,2025-01-11T01:22:36Z,,,,,,,heartbeat
,2025-01-11T01:22:46.051062Z,,2025-01-11T01:22:41Z,,,,,,,heartbeat
,2025-01-11T01:23:36.108121Z,,2025-01-11T01:22:45Z,,,,,,,heartbeat
,2025-01-11T01:23:36.111783Z,,2025-01-11T01:22:50Z,,,,,,,heartbeat
,2025-01-11T01:23:36.114100Z,,2025-01-11T01:22:55Z,,,,,,,heartbeat
,2025-01-11T01:23:36.116269Z,,2025-01-11T01:23:01Z,,,,,,,heartbeat
,2025-01-11T01:23:36.118053Z,,2025-01-11T01:23:06Z,,,,,,,heartbeat
,2025-01-11T01:23:36.119390Z,,2025-01-11T01:23:11Z,,,,,,,heartbeat
,2025-01-11T01:23:36.120867Z,,2025-01-11T01:23:16Z,,,,,,,heartbeat
,2025-01-11T01:23:36.123615Z,,2025-01-11T01:23:21Z,,,,,,,heartbeat
,2025-01-11T01:23:36.125258Z,,2025-01-11T01:23:26Z,,,,,,,heartbeat
,2025-01-11T01:23:36.126487Z,,2025-01-11T01:23:31Z,,,,,,,heartbeat
,2025-01-11T01:24:21.005722Z,,2025-01-11T01:23:36Z,,,,,,,heartbeat
,2025-01-11T01:24:21.009160Z,,2025-01-11T01:23:41Z,,,,,,,heartbeat
,2025-01-11T01:24:21.010987Z,,2025-01-11T01:23:46Z,,,,,,,heartbeat
,2025-01-11T01:24:21.013139Z,,2025-01-11T01:23:51Z,,,,,,,heartbeat
,2025-01-11T01:24:21.015219Z,,2025-01-11T01:23:56Z,,,,,,,heartbeat
,2025-01-11T01:24:21.017425Z,,2025-01-11T01:24:01Z,,,,,,,heartbeat
,2025-01-11T01:24:21.019306Z,,2025-01-11T01:24:06Z,,,,,,,heartbeat
,2025-01-11T01:24:21.021754Z,,2025-01-11T01:24:11Z,,,,,,,heartbeat
,2025-01-11T01:24:21.023702Z,,2025-01-11T01:24:16Z,,,,,,,heartbeat
,2025-01-11T01:25:11.002604Z,,2025-01-11T01:24:21Z,,,,,,,heartbeat
,2025-01-11T01:25:11.007056Z,,2025-01-11T01:24:26Z,,,,,,,heartbeat
,2025-01-11T01:25:11.009486Z,,2025-01-11T01:24:31Z,,,,,,,heartbeat
,2025-01-11T01:25:11.011975Z,,2025-01-11T01:24:36Z,,,,,,,heartbeat
,2025-01-11T01:25:11.014695Z,,2025-01-11T01:24:41Z,,,,,,,heartbeat
,2025-01-11T01:25:11.016258Z,,2025-01-11T01:24:45Z,,,,,,,heartbeat
,2025-01-11T01:25:11.017628Z,,2025-01-11T01:24:51Z,,,,,,,heartbeat
,2025-01-11T01:25:11.020755Z,,2025-01-11T01:24:56Z,,,,,,,heartbeat
,2025-01-11T01:25:11.021950Z,,2025-01-11T01:25:00Z,,,,,,,heartbeat
,2025-01-11T01:25:11.023325Z,,2025-01-11T01:25:06Z,,,,,,,heartbeat
,2025-01-11T01:25:56.002768Z,,2025-01-11T01:25:11Z,,,,,,,heartbeat
,2025-01-11T01:25:56.006390Z,,2025-01-11T01:25:16Z,,,,,,,heartbeat
,2025-01-11T01:25:56.008548Z,,2025-01-11T01:25:21Z,,,,,,,heartbeat
,2025-01-11T01:25:56.010745Z,,2025-01-11T01:25:26Z,,,,,,,heartbeat
,2025-01-11T01:25:56.012762Z,,2025-01-11T01:25:31Z,,,,,,,heartbeat
,2025-01-11T01:25:56.014700Z,,2025-01-11T01:25:35Z,,,,,,,heartbeat
,2025-01-11T01:25:56.015956Z,,2025-01-11T01:25:41Z,,,,,,,heartbeat
,2025-01-11T01:25:56.017638Z,,2025-01-11T01:25:46Z,,,,,,,heartbeat
,2025-01-11T01:25:56.018907Z,,2025-01-11T01:25:50Z,,,,,,,heartbeat
,2025-01-11T01:26:46.064321Z,,2025-01-11T01:25:56Z,,,,,,,heartbeat
,2025-01-11T01:26:46.068496Z,,2025-01-11T01:26:00Z,,,,,,,heartbeat
,2025-01-11T01:26:46.070728Z,,2025-01-11T01:26:06Z,,,,,,,heartbeat
,2025-01-11T01:26:46.073042Z,,2025-01-11T01:26:11Z,,,,,,,heartbeat
,2025-01-11T01:26:46.074953Z,,2025-01-11T01:26:16Z,,,,,,,heartbeat
,2025-01-11T01:26:46.076752Z,,2025-01-11T01:26:21Z,,,,,,,heartbeat
,2025-01-11T01:26:46.077961Z,,2025-01-11T01:26:26Z,,,,,,,heartbeat
,2025-01-11T01:26:46.079482Z,,2025-01-11T01:26:31Z,,,,,,,heartbeat
,2025-01-11T01:26:46.081259Z,,2025-01-11T01:26:36Z,,,,,,,heartbeat
,2025-01-11T01:26:46.082598Z,,2025-01-11T01:26:41Z,,,,,,,heartbeat
,2025-01-11T01:27:31.118778Z,,2025-01-11T01:26:46Z,,,,,,,heartbeat
,2025-01-11T01:27:31.122488Z,,2025-01-11T01:26:51Z,,,,,,,heartbeat
,2025-01-11T01:27:31.124745Z,,2025-01-11T01:26:56Z,,,,,,,heartbeat
,2025-01-11T01:27:31.126803Z,,2025-01-11T01:27:01Z,,,,,,,heartbeat
,2025-01-11T01:27:31.128634Z,,2025-01-11T01:27:06Z,,,,,,,heartbeat
,2025-01-11T01:27:31.130083Z,,2025-01-11T01:27:11Z,,,,,,,heartbeat
,2025-01-11T01:27:31.131637Z,,2025-01-11T01:27:16Z,,,,,,,heartbeat
,2025-01-11T01:27:31.133160Z,,2025-01-11T01:27:21Z,,,,,,,heartbeat
,2025-01-11T01:27:31.134551Z,,2025-01-11T01:27:26Z,,,,,,,heartbeat
,2025-01-11T01:28:21.090838Z,,2025-01-11T01:27:31Z,,,,,,,heartbeat
,2025-01-11T01:28:21.094432Z,,2025-01-11T01:27:36Z,,,,,,,heartbeat
,2025-01-11T01:28:21.096589Z,,2025-01-11T01:27:41Z,,,,,,,heartbeat
,2025-01-11T01:28:21.098998Z,,2025-01-11T01:27:46Z,,,,,,,heartbeat
,2025-01-11T01:28:21.100934Z,,2025-01-11T01:27:51Z,,,,,,,heartbeat
,2025-01-11T01:28:21.103131Z,,2025-01-11T01:27:56Z,,,,,,,heartbeat
,2025-01-11T01:28:21.104703Z,,2025-01-11T01:28:01Z,,,,,,,heartbeat
,2025-01-11T01:28:21.106612Z,,2025-01-11T01:28:06Z,,,,,,,heartbeat
,2025-01-11T01:28:21.108046Z,,2025-01-11T01:28:11Z,,,,,,,heartbeat
,2025-01-11T01:28:21.109384Z,,2025-01-11T01:28:15Z,,,,,,,heartbeat
,2025-01-11T01:29:06.044927Z,,2025-01-11T01:28:21Z,,,,,,,heartbeat
,2025-01-11T01:29:06.048557Z,,2025-01-11T01:28:25Z,,,,,,,heartbeat
,2025-01-11T01:29:06.050915Z,,2025-01-11T01:28:31Z,,,,,,,heartbeat
,2025-01-11T01:29:06.053280Z,,2025-01-11T01:28:35Z,,,,,,,heartbeat
,2025-01-11T01:29:06.056512Z,,2025-01-11T01:28:40Z,,,,,,,heartbeat
,2025-01-11T01:29:06.058375Z,,2025-01-11T01:28:46Z,,,,,,,heartbeat
,2025-01-11T01:29:06.059962Z,,2025-01-11T01:28:50Z,,,,,,,heartbeat
,2025-01-11T01:29:06.061325Z,,2025-01-11T01:28:55Z,,,,,,,heartbeat
,2025-01-11T01:29:06.062299Z,,2025-01-11T01:29:01Z,,,,,,,heartbeat
,2025-01-11T01:29:56.118873Z,,2025-01-11T01:29:05Z,,,,,,,heartbeat
,2025-01-11T01:29:56.122612Z,,2025-01-11T01:29:10Z,,,,,,,heartbeat
,2025-01-11T01:29:56.124900Z,,2025-01-11T01:29:16Z,,,,,,,heartbeat
,2025-01-11T01:29:56.126923Z,,2025-01-11T01:29:20Z,,,,,,,heartbeat
,2025-01-11T01:29:56.128828Z,,2025-01-11T01:29:26Z,,,,,,,heartbeat
,2025-01-11T01:29:56.131182Z,,2025-01-11T01:29:31Z,,,,,,,heartbeat
,2025-01-11T01:29:56.132653Z,,2025-01-11T01:29:36Z,,,,,,,heartbeat
,2025-01-11T01:29:56.134871Z,,2025-01-11T01:29:41Z,,,,,,,heartbeat
,2025-01-11T01:29:56.136459Z,,2025-01-11T01:29:46Z,,,,,,,heartbeat
,2025-01-11T01:29:56.137744Z,,2025-01-11T01:29:50Z,,,,,,,heartbeat
,2025-01-11T01:30:41.008588Z,,2025-01-11T01:29:56Z,,,,,,,heartbeat
,2025-01-11T01:30:41.012220Z,,2025-01-11T01:30:01Z,,,,,,,heartbeat
,2025-01-11T01:30:41.014585Z,,2025-01-11T01:30:06Z,,,,,,,heartbeat
,2025-01-11T01:30:41.016641Z,,2025-01-11T01:30:11Z,,,,,,,heartbeat
,2025-01-11T01:30:41.018361Z,,2025-01-11T01:30:16Z,,,,,,,heartbeat
,2025-01-11T01:30:41.019863Z,,2025-01-11T01:30:21Z,,,,,,,heartbeat
,2025-01-11T01:30:41.021299Z,,2025-01-11T01:30:26Z,,,,,,,heartbeat
,2025-01-11T01:30:41.022799Z,,2025-01-11T01:30:31Z,,,,,,,heartbeat
,2025-01-11T01:30:41.024300Z,,2025-01-11T01:30:36Z,,,,,,,heartbeat
,2025-01-11T01:31:31.008633Z,,2025-01-11T01:30:41Z,,,,,,,heartbeat
,2025-01-11T01:31:31.014042Z,,2025-01-11T01:30:46Z,,,,,,,heartbeat
,2025-01-11T01:31:31.016613Z,,2025-01-11T01:30:51Z,,,,,,,heartbeat
,2025-01-11T01:31:31.018620Z,,2025-01-11T01:30:56Z,,,,,,,heartbeat
,2025-01-11T01:31:31.019877Z,,2025-01-11T01:31:01Z,,,,,,,heartbeat
,2025-01-11T01:31:31.021228Z,,2025-01-11T01:31:06Z,,,,,,,heartbeat
,2025-01-11T01:31:31.022827Z,,2025-01-11T01:31:11Z,,,,,,,heartbeat
,2025-01-11T01:31:31.023933Z,,2025-01-11T01:31:16Z,,,,,,,heartbeat
,2025-01-11T01:31:31.025551Z,,2025-01-11T01:31:21Z,,,,,,,heartbeat
,2025-01-11T01:31:31.027117Z,,2025-01-11T01:31:26Z,,,,,,,heartbeat
,2025-01-11T01:32:16.004535Z,,2025-01-11T01:31:31Z,,,,,,,heartbeat
,2025-01-11T01:32:16.008239Z,,2025-01-11T01:31:36Z,,,,,,,heartbeat
,2025-01-11T01:32:16.010357Z,,2025-01-11T01:31:41Z,,,,,,,heartbeat
,2025-01-11T01:32:16.012344Z,,2025-01-11T01:31:46Z,,,,,,,heartbeat
,2025-01-11T01:32:16.014201Z,,2025-01-11T01:31:51Z,,,,,,,heartbeat
,2025-01-11T01:32:16.015904Z,,2025-01-11T01:31:55Z,,,,,,,heartbeat
,2025-01-11T01:32:16.017518Z,,2025-01-11T01:32:01Z,,,,,,,heartbeat
,2025-01-11T01:32:16.019179Z,,2025-01-11T01:32:05Z,,,,,,,heartbeat
,2025-01-11T01:32:16.021005Z,,2025-01-11T01:32:11Z,,,,,,,heartbeat
,2025-01-11T01:33:06.073354Z,,2025-01-11T01:32:16Z,,,,,,,heartbeat
,2025-01-11T01:33:06.076943Z,,2025-01-11T01:32:21Z,,,,,,,heartbeat
,2025-01-11T01:33:06.079147Z,,2025-01-11T01:32:25Z,,,,,,,heartbeat
,2025-01-11T01:33:06.081466Z,,2025-01-11T01:32:31Z,,,,,,,heartbeat
,2025-01-11T01:33:06.083367Z,,2025-01-11T01:32:35Z,,,,,,,heartbeat
,2025-01-11T01:33:06.084826Z,,2025-01-11T01:32:41Z,,,,,,,heartbeat
,2025-01-11T01:33:06.086283Z,,2025-01-11T01:32:46Z,,,,,,,heartbeat
,2025-01-11T01:33:06.088237Z,,2025-01-11T01:32:51Z,,,,,,,heartbeat
,2025-01-11T01:33:06.090289Z,,2025-01-11T01:32:56Z,,,,,,,heartbeat
,2025-01-11T01:33:06.091692Z,,2025-01-11T01:33:01Z,,,,,,,heartbeat
,2025-01-11T01:33:51.130220Z,,2025-01-11T01:33:05Z,,,,,,,heartbeat
,2025-01-11T01:33:51.133937Z,,2025-01-11T01:33:10Z,,,,,,,heartbeat
,2025-01-11T01:33:51.135875Z,,2025-01-11T01:33:16Z,,,,,,,heartbeat
,2025-01-11T01:33:51.137639Z,,2025-01-11T01:33:20Z,,,,,,,heartbeat
,2025-01-11T01:33:51.139726Z,,2025-01-11T01:33:26Z,,,,,,,heartbeat
,2025-01-11T01:33:51.141102Z,,2025-01-11T01:33:31Z,,,,,,,heartbeat
,2025-01-11T01:33:51.142698Z,,2025-01-11T01:33:36Z,,,,,,,heartbeat
,2025-01-11T01:33:51.144852Z,,2025-01-11T01:33:41Z,,,,,,,heartbeat
,2025-01-11T01:33:51.146287Z,,2025-01-11T01:33:46Z,,,,,,,heartbeat
,2025-01-11T01:34:41.009517Z,,2025-01-11T01:33:51Z,,,,,,,heartbeat
,2025-01-11T01:34:41.012956Z,,2025-01-11T01:33:56Z,,,,,,,heartbeat
,2025-01-11T01:34:41.015289Z,,2025-01-11T01:34:01Z,,,,,,,heartbeat
,2025-01-11T01:34:41.017452Z,,2025-01-11T01:34:06Z,,,,,,,heartbeat
,2025-01-11T01:34:41.019203Z,,2025-01-11T01:34:11Z,,,,,,,heartbeat
,2025-01-11T01:34:41.020664Z,,2025-01-11T01:34:16Z,,,,,,,heartbeat
,2025-01-11T01:34:41.022396Z,,2025-01-11T01:34:21Z,,,,,,,heartbeat
,2025-01-11T01:34:41.023770Z,,2025-01-11T01:34:26Z,,,,,,,heartbeat
,2025-01-11T01:34:41.025411Z,,2025-01-11T01:34:31Z,,,,,,,heartbeat
,2025-01-11T01:34:41.026803Z,,2025-01-11T01:34:36Z,,,,,,,heartbeat
,2025-01-11T01:35:26.055057Z,,2025-01-11T01:34:41Z,,,,,,,heartbeat
,2025-01-11T01:35:26.058662Z,,2025-01-11T01:34:46Z,,,,,,,heartbeat
,2025-01-11T01:35:26.060859Z,,2025-01-11T01:34:51Z,,,,,,,heartbeat
,2025-01-11T01:35:26.062819Z,,2025-01-11T01:34:56Z,,,,,,,heartbeat
,2025-01-11T01:35:26.064565Z,,2025-01-11T01:35:01Z,,,,,,,heartbeat
,2025-01-11T01:35:26.065969Z,,2025-01-11T01:35:06Z,,,,,,,heartbeat
,2025-01-11T01:35:26.067136Z,,2025-01-11T01:35:11Z,,,,,,,heartbeat
,2025-01-11T01:35:26.078258Z,,2025-01-11T01:35:16Z,,,,,,,heartbeat
,2025-01-11T01:35:26.079219Z,,2025-01-11T01:35:20Z,,,,,,,heartbeat
,2025-01-11T01:36:16.008132Z,,2025-01-11T01:35:26Z,,,,,,,heartbeat
,2025-01-11T01:36:16.011596Z,,2025-01-11T01:35:31Z,,,,,,,heartbeat
,2025-01-11T01:36:16.013857Z,,2025-01-11T01:35:36Z,,,,,,,heartbeat
,2025-01-11T01:36:16.016236Z,,2025-01-11T01:35:41Z,,,,,,,heartbeat
,2025-01-11T01:36:16.018046Z,,2025-01-11T01:35:46Z,,,,,,,heartbeat
,2025-01-11T01:36:16.019297Z,,2025-01-11T01:35:50Z,,,,,,,heartbeat
,2025-01-11T01:36:16.021129Z,,2025-01-11T01:35:55Z,,,,,,,heartbeat
,2025-01-11T01:36:16.023001Z,,2025-01-11T01:36:01Z,,,,,,,heartbeat
,2025-01-11T01:36:16.024516Z,,2025-01-11T01:36:06Z,,,,,,,heartbeat
,2025-01-11T01:36:16.025782Z,,2025-01-11T01:36:10Z,,,,,,,heartbeat
,2025-01-11T01:37:01.081437Z,,2025-01-11T01:36:16Z,,,,,,,heartbeat
,2025-01-11T01:37:01.085101Z,,2025-01-11T01:36:21Z,,,,,,,heartbeat
,2025-01-11T01:37:01.087931Z,,2025-01-11T01:36:25Z,,,,,,,heartbeat
,2025-01-11T01:37:01.090642Z,,2025-01-11T01:36:30Z,,,,,,,heartbeat
,2025-01-11T01:37:01.092233Z,,2025-01-11T01:36:36Z,,,,,,,heartbeat
,2025-01-11T01:37:01.093617Z,,2025-01-11T01:36:40Z,,,,,,,heartbeat
,2025-01-11T01:37:01.094967Z,,2025-01-11T01:36:45Z,,,,,,,heartbeat
,2025-01-11T01:37:01.096270Z,,2025-01-11T01:36:51Z,,,,,,,heartbeat
,2025-01-11T01:37:01.097827Z,,2025-01-11T01:36:56Z,,,,,,,heartbeat
,2025-01-11T01:37:51.052649Z,,2025-01-11T01:37:01Z,,,,,,,heartbeat
,2025-01-11T01:37:51.056280Z,,2025-01-11T01:37:06Z,,,,,,,heartbeat
,2025-01-11T01:37:51.058389Z,,2025-01-11T01:37:11Z,,,,,,,heartbeat
,2025-01-11T01:37:51.061227Z,,2025-01-11T01:37:16Z,,,,,,,heartbeat
,2025-01-11T01:37:51.063595Z,,2025-01-11T01:37:21Z,,,,,,,heartbeat
,2025-01-11T01:37:51.065316Z,,2025-01-11T01:37:26Z,,,,,,,heartbeat
,2025-01-11T01:37:51.066941Z,,2025-01-11T01:37:31Z,,,,,,,heartbeat
,2025-01-11T01:37:51.068565Z,,2025-01-11T01:37:36Z,,,,,,,heartbeat
,2025-01-11T01:37:51.070071Z,,2025-01-11T01:37:41Z,,,,,,,heartbeat
,2025-01-11T01:37:51.071304Z,,2025-01-11T01:37:46Z,,,,,,,heartbeat
,2025-01-11T01:38:36.109157Z,,2025-01-11T01:37:51Z,,,,,,,heartbeat
,2025-01-11T01:38:36.112777Z,,2025-01-11T01:37:56Z,,,,,,,heartbeat
,2025-01-11T01:38:36.115674Z,,2025-01-11T01:38:01Z,,,,,,,heartbeat
,2025-01-11T01:38:36.118140Z,,2025-01-11T01:38:06Z,,,,,,,heartbeat
,2025-01-11T01:38:36.120223Z,,2025-01-11T01:38:11Z,,,,,,,heartbeat
,2025-01-11T01:38:36.121669Z,,2025-01-11T01:38:16Z,,,,,,,heartbeat
,2025-01-11T01:38:36.123145Z,,2025-01-11T01:38:21Z,,,,,,,heartbeat
,2025-01-11T01:38:36.124668Z,,2025-01-11T01:38:26Z,,,,,,,heartbeat
,2025-01-11T01:38:36.126423Z,,2025-01-11T01:38:31Z,,,,,,,heartbeat
,2025-01-11T01:39:26.080913Z,,2025-01-11T01:38:36Z,,,,,,,heartbeat
,2025-01-11T01:39:26.084616Z,,2025-01-11T01:38:41Z,,,,,,,heartbeat
,2025-01-11T01:39:26.087190Z,,2025-01-11T01:38:46Z,,,,,,,heartbeat
,2025-01-11T01:39:26.089406Z,,2025-01-11T01:38:51Z,,,,,,,heartbeat
,2025-01-11T01:39:26.091535Z,,2025-01-11T01:38:55Z,,,,,,,heartbeat
,2025-01-11T01:39:26.093293Z,,2025-01-11T01:39:00Z,,,,,,,heartbeat
,2025-01-11T01:39:26.095195Z,,2025-01-11T01:39:05Z,,,,,,,heartbeat
,2025-01-11T01:39:26.096938Z,,2025-01-11T01:39:11Z,,,,,,,heartbeat
,2025-01-11T01:39:26.098696Z,,2025-01-11T01:39:16Z,,,,,,,heartbeat
,2025-01-11T01:39:26.100370Z,,2025-01-11T01:39:21Z,,,,,,,heartbeat
,2025-01-11T01:40:11.034956Z,,2025-01-11T01:39:25Z,,,,,,,heartbeat
,2025-01-11T01:40:11.039222Z,,2025-01-11T01:39:31Z,,,,,,,heartbeat
,2025-01-11T01:40:11.041541Z,,2025-01-11T01:39:36Z,,,,,,,heartbeat
,2025-01-11T01:40:11.043359Z,,2025-01-11T01:39:41Z,,,,,,,heartbeat
,2025-01-11T01:40:11.045320Z,,2025-01-11T01:39:46Z,,,,,,,heartbeat
,2025-01-11T01:40:11.046998Z,,2025-01-11T01:39:51Z,,,,,,,heartbeat
,2025-01-11T01:40:11.048162Z,,2025-01-11T01:39:56Z,,,,,,,heartbeat
,2025-01-11T01:40:11.049148Z,,2025-01-11T01:40:00Z,,,,,,,heartbeat
,2025-01-11T01:40:11.050709Z,,2025-01-11T01:40:06Z,,,,,,,heartbeat
,2025-01-11T01:40:56.009332Z,,2025-01-11T01:40:10Z,,,,,,,heartbeat
,2025-01-11T01:40:56.013044Z,,2025-01-11T01:40:16Z,,,,,,,heartbeat
,2025-01-11T01:40:56.015175Z,,2025-01-11T01:40:21Z,,,,,,,heartbeat
,2025-01-11T01:40:56.017328Z,,2025-01-11T01:40:26Z,,,,,,,heartbeat
,2025-01-11T01:40:56.019171Z,,2025-01-11T01:40:31Z,,,,,,,heartbeat
,2025-01-11T01:40:56.020472Z,,2025-01-11T01:40:36Z,,,,,,,heartbeat
,2025-01-11T01:40:56.021968Z,,2025-01-11T01:40:41Z,,,,,,,heartbeat
,2025-01-11T01:40:56.023140Z,,2025-01-11T01:40:46Z,,,,,,,heartbeat
,2025-01-11T01:40:56.024425Z,,2025-01-11T01:40:51Z,,,,,,,heartbeat
,2025-01-11T01:41:46.068783Z,,2025-01-11T01:41:06Z,,,,,,,heartbeat
,2025-01-11T01:41:46.072489Z,,2025-01-11T01:41:11Z,,,,,,,heartbeat
,2025-01-11T01:41:46.074627Z,,2025-01-11T01:41:16Z,,,,,,,heartbeat
,2025-01-11T01:41:46.076588Z,,2025-01-11T01:41:21Z,,,,,,,heartbeat
,2025-01-11T01:41:46.078140Z,,2025-01-11T01:41:26Z,,,,,,,heartbeat
,2025-01-11T01:41:46.080613Z,,2025-01-11T01:41:31Z,,,,,,,heartbeat
,2025-01-11T01:41:46.081943Z,,2025-01-11T01:41:36Z,,,,,,,heartbeat
,2025-01-11T01:41:46.083369Z,,2025-01-11T01:41:41Z,,,,,,,heartbeat
,2025-01-11T01:42:31.128629Z,,2025-01-11T01:41:46Z,,,,,,,heartbeat
,2025-01-11T01:42:31.131446Z,,2025-01-11T01:41:51Z,,,,,,,heartbeat
,2025-01-11T01:42:31.132682Z,,2025-01-11T01:41:56Z,,,,,,,heartbeat
,2025-01-11T01:42:31.134403Z,,2025-01-11T01:42:01Z,,,,,,,heartbeat
,2025-01-11T01:42:31.135979Z,,2025-01-11T01:42:06Z,,,,,,,heartbeat
,2025-01-11T01:42:31.137593Z,,2025-01-11T01:42:10Z,,,,,,,heartbeat
,2025-01-11T01:42:31.139011Z,,2025-01-11T01:42:16Z,,,,,,,heartbeat
,2025-01-11T01:42:31.140375Z,,2025-01-11T01:42:20Z,,,,,,,heartbeat
,2025-01-11T01:42:31.141542Z,,2025-01-11T01:42:26Z,,,,,,,heartbeat
,2025-01-11T01:43:21.096278Z,,2025-01-11T01:42:31Z,,,,,,,heartbeat
,2025-01-11T01:43:21.099718Z,,2025-01-11T01:42:36Z,,,,,,,heartbeat
,2025-01-11T01:43:21.101707Z,,2025-01-11T01:42:40Z,,,,,,,heartbeat
,2025-01-11T01:43:21.103564Z,,2025-01-11T01:42:45Z,,,,,,,heartbeat
,2025-01-11T01:43:21.105393Z,,2025-01-11T01:42:50Z,,,,,,,heartbeat
,2025-01-11T01:43:21.106797Z,,2025-01-11T01:42:56Z,,,,,,,heartbeat
,2025-01-11T01:43:21.108034Z,,2025-01-11T01:43:01Z,,,,,,,heartbeat
,2025-01-11T01:43:21.109201Z,,2025-01-11T01:43:06Z,,,,,,,heartbeat
,2025-01-11T01:43:21.110370Z,,2025-01-11T01:43:10Z,,,,,,,heartbeat
,2025-01-11T01:43:21.111815Z,,2025-01-11T01:43:15Z,,,,,,,heartbeat
,2025-01-11T01:44:06.010310Z,,2025-01-11T01:43:21Z,,,,,,,heartbeat
,2025-01-11T01:44:06.014153Z,,2025-01-11T01:43:26Z,,,,,,,heartbeat
,2025-01-11T01:44:06.016463Z,,2025-01-11T01:43:30Z,,,,,,,heartbeat
,2025-01-11T01:44:06.018491Z,,2025-01-11T01:43:36Z,,,,,,,heartbeat
,2025-01-11T01:44:06.020958Z,,2025-01-11T01:43:40Z,,,,,,,heartbeat
,2025-01-11T01:44:06.023408Z,,2025-01-11T01:43:46Z,,,,,,,heartbeat
,2025-01-11T01:44:06.025368Z,,2025-01-11T01:43:51Z,,,,,,,heartbeat
,2025-01-11T01:44:06.028456Z,,2025-01-11T01:43:56Z,,,,,,,heartbeat
,2025-01-11T01:44:06.029907Z,,2025-01-11T01:44:01Z,,,,,,,heartbeat
,2025-01-11T01:44:56.127097Z,,2025-01-11T01:44:06Z,,,,,,,heartbeat
,2025-01-11T01:44:56.130977Z,,2025-01-11T01:44:11Z,,,,,,,heartbeat
,2025-01-11T01:44:56.133202Z,,2025-01-11T01:44:16Z,,,,,,,heartbeat
,2025-01-11T01:44:56.136677Z,,2025-01-11T01:44:21Z,,,,,,,heartbeat
,2025-01-11T01:44:56.138845Z,,2025-01-11T01:44:26Z,,,,,,,heartbeat
,2025-01-11T01:44:56.140690Z,,2025-01-11T01:44:31Z,,,,,,,heartbeat
,2025-01-11T01:44:56.142675Z,,2025-01-11T01:44:36Z,,,,,,,heartbeat
,2025-01-11T01:44:56.145034Z,,2025-01-11T01:44:41Z,,,,,,,heartbeat
,2025-01-11T01:44:56.147145Z,,2025-01-11T01:44:46Z,,,,,,,heartbeat
,2025-01-11T01:44:56.149235Z,,2025-01-11T01:44:51Z,,,,,,,heartbeat
,2025-01-11T01:45:41.080998Z,,2025-01-11T01:44:56Z,,,,,,,heartbeat
,2025-01-11T01:45:41.084600Z,,2025-01-11T01:45:01Z,,,,,,,heartbeat
,2025-01-11T01:45:41.087187Z,,2025-01-11T01:45:06Z,,,,,,,heartbeat
,2025-01-11T01:45:41.089144Z,,2025-01-11T01:45:11Z,,,,,,,heartbeat
,2025-01-11T01:45:41.090890Z,,2025-01-11T01:45:16Z,,,,,,,heartbeat
,2025-01-11T01:45:41.092327Z,,2025-01-11T01:45:21Z,,,,,,,heartbeat
,2025-01-11T01:45:41.093723Z,,2025-01-11T01:45:26Z,,,,,,,heartbeat
,2025-01-11T01:45:41.095287Z,,2025-01-11T01:45:30Z,,,,,,,heartbeat
,2025-01-11T01:45:41.096219Z,,2025-01-11T01:45:35Z,,,,,,,heartbeat
,2025-01-11T01:46:31.152999Z,,2025-01-11T01:45:41Z,,,,,,,heartbeat
,2025-01-11T01:46:31.156654Z,,2025-01-11T01:45:46Z,,,,,,,heartbeat
,2025-01-11T01:46:31.158596Z,,2025-01-11T01:45:51Z,,,,,,,heartbeat
,2025-01-11T01:46:31.160871Z,,2025-01-11T01:45:56Z,,,,,,,heartbeat
,2025-01-11T01:46:31.162641Z,,2025-01-11T01:46:00Z,,,,,,,heartbeat
,2025-01-11T01:46:31.163918Z,,2025-01-11T01:46:05Z,,,,,,,heartbeat
,2025-01-11T01:46:31.165429Z,,2025-01-11T01:46:10Z,,,,,,,heartbeat
,2025-01-11T01:46:31.166825Z,,2025-01-11T01:46:15Z,,,,,,,heartbeat
,2025-01-11T01:46:31.167962Z,,2025-01-11T01:46:20Z,,,,,,,heartbeat
,2025-01-11T01:46:31.169193Z,,2025-01-11T01:46:26Z,,,,,,,heartbeat
,2025-01-11T01:47:16.011228Z,,2025-01-11T01:46:31Z,,,,,,,heartbeat
,2025-01-11T01:47:16.014113Z,,2025-01-11T01:46:35Z,,,,,,,heartbeat
,2025-01-11T01:47:16.015938Z,,2025-01-11T01:46:41Z,,,,,,,heartbeat
,2025-01-11T01:47:16.017559Z,,2025-01-11T01:46:45Z,,,,,,,heartbeat
,2025-01-11T01:47:16.019381Z,,2025-01-11T01:46:50Z,,,,,,,heartbeat
,2025-01-11T01:47:16.020857Z,,2025-01-11T01:46:56Z,,,,,,,heartbeat
,2025-01-11T01:47:16.021934Z,,2025-01-11T01:47:00Z,,,,,,,heartbeat
,2025-01-11T01:47:16.023202Z,,2025-01-11T01:47:05Z,,,,,,,heartbeat
,2025-01-11T01:47:16.024262Z,,2025-01-11T01:47:11Z,,,,,,,heartbeat
,2025-01-11T01:48:06.078785Z,,2025-01-11T01:47:16Z,,,,,,,heartbeat
,2025-01-11T01:48:06.082553Z,,2025-01-11T01:47:21Z,,,,,,,heartbeat
,2025-01-11T01:48:06.084859Z,,2025-01-11T01:47:26Z,,,,,,,heartbeat
,2025-01-11T01:48:06.087235Z,,2025-01-11T01:47:31Z,,,,,,,heartbeat
,2025-01-11T01:48:06.088564Z,,2025-01-11T01:47:36Z,,,,,,,heartbeat
,2025-01-11T01:48:06.089941Z,,2025-01-11T01:47:41Z,,,,,,,heartbeat
,2025-01-11T01:48:06.091271Z,,2025-01-11T01:47:46Z,,,,,,,heartbeat
,2025-01-11T01:48:06.092442Z,,2025-01-11T01:47:51Z,,,,,,,heartbeat
,2025-01-11T01:48:06.093409Z,,2025-01-11T01:47:56Z,,,,,,,heartbeat
,2025-01-11T01:48:06.094997Z,,2025-01-11T01:48:01Z,,,,,,,heartbeat
,2025-01-11T01:48:51.442054Z,,2025-01-11T01:48:06Z,,,,,,,heartbeat
,2025-01-11T01:48:51.445673Z,,2025-01-11T01:48:11Z,,,,,,,heartbeat
,2025-01-11T01:48:51.447628Z,,2025-01-11T01:48:16Z,,,,,,,heartbeat
,2025-01-11T01:48:51.451146Z,,2025-01-11T01:48:21Z,,,,,,,heartbeat
,2025-01-11T01:48:51.453953Z,,2025-01-11T01:48:26Z,,,,,,,heartbeat
,2025-01-11T01:48:51.456618Z,,2025-01-11T01:48:31Z,,,,,,,heartbeat
,2025-01-11T01:48:51.458556Z,,2025-01-11T01:48:36Z,,,,,,,heartbeat
,2025-01-11T01:48:51.459602Z,,2025-01-11T01:48:41Z,,,,,,,heartbeat
,2025-01-11T01:48:51.460738Z,,2025-01-11T01:48:46Z,,,,,,,heartbeat
,2025-01-11T01:49:41.106769Z,,2025-01-11T01:48:51Z,,,,,,,heartbeat
,2025-01-11T01:49:41.110126Z,,2025-01-11T01:48:56Z,,,,,,,heartbeat
,2025-01-11T01:49:41.112479Z,,2025-01-11T01:49:00Z,,,,,,,heartbeat
,2025-01-11T01:49:41.114607Z,,2025-01-11T01:49:06Z,,,,,,,heartbeat
,2025-01-11T01:49:41.116285Z,,2025-01-11T01:49:11Z,,,,,,,heartbeat
,2025-01-11T01:49:41.117622Z,,2025-01-11T01:49:15Z,,,,,,,heartbeat
,2025-01-11T01:49:41.119236Z,,2025-01-11T01:49:21Z,,,,,,,heartbeat
,2025-01-11T01:49:41.121076Z,,2025-01-11T01:49:26Z,,,,,,,heartbeat
,2025-01-11T01:49:41.123083Z,,2025-01-11T01:49:31Z,,,,,,,heartbeat
,2025-01-11T01:49:41.124265Z,,2025-01-11T01:49:35Z,,,,,,,heartbeat
,2025-01-11T01:50:26.011036Z,,2025-01-11T01:49:40Z,,,,,,,heartbeat
,2025-01-11T01:50:26.013318Z,,2025-01-11T01:49:45Z,,,,,,,heartbeat
,2025-01-11T01:50:26.014299Z,,2025-01-11T01:49:50Z,,,,,,,heartbeat
,2025-01-11T01:50:26.027330Z,,2025-01-11T01:49:56Z,,,,,,,heartbeat
,2025-01-11T01:50:26.029531Z,,2025-01-11T01:50:01Z,,,,,,,heartbeat
,2025-01-11T01:50:26.030970Z,,2025-01-11T01:50:06Z,,,,,,,heartbeat
,2025-01-11T01:50:26.031773Z,,2025-01-11T01:50:10Z,,,,,,,heartbeat
,2025-01-11T01:50:26.032499Z,,2025-01-11T01:50:15Z,,,,,,,heartbeat
,2025-01-11T01:50:26.033167Z,,2025-01-11T01:50:20Z,,,,,,,heartbeat
,2025-01-11T01:51:16.134489Z,,2025-01-11T01:50:26Z,,,,,,,heartbeat
,2025-01-11T01:51:16.138547Z,,2025-01-11T01:50:30Z,,,,,,,heartbeat
,2025-01-11T01:51:16.140814Z,,2025-01-11T01:50:36Z,,,,,,,heartbeat
,2025-01-11T01:51:16.143064Z,,2025-01-11T01:50:41Z,,,,,,,heartbeat
,2025-01-11T01:51:16.145088Z,,2025-01-11T01:50:46Z,,,,,,,heartbeat
,2025-01-11T01:51:16.146526Z,,2025-01-11T01:50:51Z,,,,,,,heartbeat
,2025-01-11T01:51:16.147834Z,,2025-01-11T01:50:56Z,,,,,,,heartbeat
,2025-01-11T01:51:16.149289Z,,2025-01-11T01:51:01Z,,,,,,,heartbeat
,2025-01-11T01:51:16.150517Z,,2025-01-11T01:51:06Z,,,,,,,heartbeat
,2025-01-11T01:51:16.151758Z,,2025-01-11T01:51:11Z,,,,,,,heartbeat
,2025-01-11T01:52:01.088870Z,,2025-01-11T01:51:16Z,,,,,,,heartbeat
,2025-01-11T01:52:01.092754Z,,2025-01-11T01:51:21Z,,,,,,,heartbeat
,2025-01-11T01:52:01.095164Z,,2025-01-11T01:51:26Z,,,,,,,heartbeat
,2025-01-11T01:52:01.097324Z,,2025-01-11T01:51:31Z,,,,,,,heartbeat
,2025-01-11T01:52:01.099040Z,,2025-01-11T01:51:36Z,,,,,,,heartbeat
,2025-01-11T01:52:01.100276Z,,2025-01-11T01:51:41Z,,,,,,,heartbeat
,2025-01-11T01:52:01.101519Z,,2025-01-11T01:51:46Z,,,,,,,heartbeat
,2025-01-11T01:52:01.103174Z,,2025-01-11T01:51:51Z,,,,,,,heartbeat
,2025-01-11T01:52:01.104752Z,,2025-01-11T01:51:56Z,,,,,,,heartbeat
,2025-01-11T01:52:51.060474Z,,2025-01-11T01:52:01Z,,,,,,,heartbeat
,2025-01-11T01:52:51.064142Z,,2025-01-11T01:52:06Z,,,,,,,heartbeat
,2025-01-11T01:52:51.066265Z,,2025-01-11T01:52:11Z,,,,,,,heartbeat
,2025-01-11T01:52:51.068734Z,,2025-01-11T01:52:16Z,,,,,,,heartbeat
,2025-01-11T01:52:51.070713Z,,2025-01-11T01:52:21Z,,,,,,,heartbeat
,2025-01-11T01:52:51.072561Z,,2025-01-11T01:52:26Z,,,,,,,heartbeat
,2025-01-11T01:52:51.073966Z,,2025-01-11T01:52:30Z,,,,,,,heartbeat
,2025-01-11T01:52:51.075744Z,,2025-01-11T01:52:35Z,,,,,,,heartbeat
,2025-01-11T01:52:51.077575Z,,2025-01-11T01:52:40Z,,,,,,,heartbeat
,2025-01-11T01:52:51.078794Z,,2025-01-11T01:52:45Z,,,,,,,heartbeat
,2025-01-11T01:53:36.117160Z,,2025-01-11T01:52:51Z,,,,,,,heartbeat
,2025-01-11T01:53:36.120975Z,,2025-01-11T01:52:56Z,,,,,,,heartbeat
,2025-01-11T01:53:36.123022Z,,2025-01-11T01:53:01Z,,,,,,,heartbeat
,2025-01-11T01:53:36.125338Z,,2025-01-11T01:53:06Z,,,,,,,heartbeat
,2025-01-11T01:53:36.127751Z,,2025-01-11T01:53:11Z,,,,,,,heartbeat
,2025-01-11T01:53:36.129844Z,,2025-01-11T01:53:16Z,,,,,,,heartbeat
,2025-01-11T01:53:36.131838Z,,2025-01-11T01:53:21Z,,,,,,,heartbeat
,2025-01-11T01:53:36.132996Z,,2025-01-11T01:53:25Z,,,,,,,heartbeat
,2025-01-11T01:53:36.134824Z,,2025-01-11T01:53:31Z,,,,,,,heartbeat
,2025-01-11T01:54:26.088796Z,,2025-01-11T01:53:36Z,,,,,,,heartbeat
,2025-01-11T01:54:26.092290Z,,2025-01-11T01:53:41Z,,,,,,,heartbeat
,2025-01-11T01:54:26.094786Z,,2025-01-11T01:53:46Z,,,,,,,heartbeat
,2025-01-11T01:54:26.097417Z,,2025-01-11T01:53:51Z,,,,,,,heartbeat
,2025-01-11T01:54:26.099200Z,,2025-01-11T01:53:56Z,,,,,,,heartbeat
,2025-01-11T01:54:26.100705Z,,2025-01-11T01:54:01Z,,,,,,,heartbeat
,2025-01-11T01:54:26.101666Z,,2025-01-11T01:54:06Z,,,,,,,heartbeat
,2025-01-11T01:54:26.103002Z,,2025-01-11T01:54:11Z,,,,,,,heartbeat
,2025-01-11T01:54:26.104797Z,,2025-01-11T01:54:16Z,,,,,,,heartbeat
,2025-01-11T01:54:26.106258Z,,2025-01-11T01:54:21Z,,,,,,,heartbeat
,2025-01-11T01:55:11.043501Z,,2025-01-11T01:54:26Z,,,,,,,heartbeat
,2025-01-11T01:55:11.047083Z,,2025-01-11T01:54:31Z,,,,,,,heartbeat
,2025-01-11T01:55:11.048964Z,,2025-01-11T01:54:36Z,,,,,,,heartbeat
,2025-01-11T01:55:11.050902Z,,2025-01-11T01:54:41Z,,,,,,,heartbeat
,2025-01-11T01:55:11.052777Z,,2025-01-11T01:54:46Z,,,,,,,heartbeat
,2025-01-11T01:55:11.054299Z,,2025-01-11T01:54:51Z,,,,,,,heartbeat
,2025-01-11T01:55:11.055787Z,,2025-01-11T01:54:56Z,,,,,,,heartbeat
,2025-01-11T01:55:11.057356Z,,2025-01-11T01:55:01Z,,,,,,,heartbeat
,2025-01-11T01:55:11.058377Z,,2025-01-11T01:55:06Z,,,,,,,heartbeat
,2025-01-11T01:56:01.117024Z,,2025-01-11T01:55:11Z,,,,,,,heartbeat
,2025-01-11T01:56:01.120790Z,,2025-01-11T01:55:16Z,,,,,,,heartbeat
,2025-01-11T01:56:01.122747Z,,2025-01-11T01:55:21Z,,,,,,,heartbeat
,2025-01-11T01:56:01.124807Z,,2025-01-11T01:55:26Z,,,,,,,heartbeat
,2025-01-11T01:56:01.126903Z,,2025-01-11T01:55:31Z,,,,,,,heartbeat
,2025-01-11T01:56:01.128447Z,,2025-01-11T01:55:36Z,,,,,,,heartbeat
,2025-01-11T01:56:01.130211Z,,2025-01-11T01:55:41Z,,,,,,,heartbeat
,2025-01-11T01:56:01.131677Z,,2025-01-11T01:55:46Z,,,,,,,heartbeat
,2025-01-11T01:56:01.133731Z,,2025-01-11T01:55:51Z,,,,,,,heartbeat
,2025-01-11T01:56:01.135777Z,,2025-01-11T01:55:56Z,,,,,,,heartbeat
,2025-01-11T01:56:46.011178Z,,2025-01-11T01:56:00Z,,,,,,,heartbeat
,2025-01-11T01:56:46.016282Z,,2025-01-11T01:56:06Z,,,,,,,heartbeat
,2025-01-11T01:56:46.019103Z,,2025-01-11T01:56:11Z,,,,,,,heartbeat
,2025-01-11T01:56:46.021143Z,,2025-01-11T01:56:15Z,,,,,,,heartbeat
,2025-01-11T01:56:46.022881Z,,2025-01-11T01:56:21Z,,,,,,,heartbeat
,2025-01-11T01:56:46.024129Z,,2025-01-11T01:56:26Z,,,,,,,heartbeat
,2025-01-11T01:56:46.025424Z,,2025-01-11T01:56:31Z,,,,,,,heartbeat
,2025-01-11T01:56:46.027219Z,,2025-01-11T01:56:35Z,,,,,,,heartbeat
,2025-01-11T01:56:46.028958Z,,2025-01-11T01:56:40Z,,,,,,,heartbeat
,2025-01-11T01:57:36.042898Z,,2025-01-11T01:56:46Z,,,,,,,heartbeat
,2025-01-11T01:57:36.046546Z,,2025-01-11T01:56:50Z,,,,,,,heartbeat
,2025-01-11T01:57:36.048703Z,,2025-01-11T01:56:56Z,,,,,,,heartbeat
,2025-01-11T01:57:36.050705Z,,2025-01-11T01:57:01Z,,,,,,,heartbeat
,2025-01-11T01:57:36.052647Z,,2025-01-11T01:57:05Z,,,,,,,heartbeat
,2025-01-11T01:57:36.053961Z,,2025-01-11T01:57:11Z,,,,,,,heartbeat
,2025-01-11T01:57:36.055418Z,,2025-01-11T01:57:15Z,,,,,,,heartbeat
,2025-01-11T01:57:36.056563Z,,2025-01-11T01:57:20Z,,,,,,,heartbeat
,2025-01-11T01:57:36.058218Z,,2025-01-11T01:57:25Z,,,,,,,heartbeat
,2025-01-11T01:57:36.059732Z,,2025-01-11T01:57:31Z,,,,,,,heartbeat
,2025-01-11T01:58:21.099459Z,,2025-01-11T01:57:35Z,,,,,,,heartbeat
,2025-01-11T01:58:21.102959Z,,2025-01-11T01:57:41Z,,,,,,,heartbeat
,2025-01-11T01:58:21.104813Z,,2025-01-11T01:57:45Z,,,,,,,heartbeat
,2025-01-11T01:58:21.106303Z,,2025-01-11T01:57:51Z,,,,,,,heartbeat
,2025-01-11T01:58:21.108016Z,,2025-01-11T01:57:56Z,,,,,,,heartbeat
,2025-01-11T01:58:21.109891Z,,2025-01-11T01:58:01Z,,,,,,,heartbeat
,2025-01-11T01:58:21.111498Z,,2025-01-11T01:58:06Z,,,,,,,heartbeat
,2025-01-11T01:58:21.112791Z,,2025-01-11T01:58:11Z,,,,,,,heartbeat
,2025-01-11T01:58:21.114477Z,,2025-01-11T01:58:16Z,,,,,,,heartbeat
,2025-01-11T01:59:11.074056Z,,2025-01-11T01:58:21Z,,,,,,,heartbeat
,2025-01-11T01:59:11.077836Z,,2025-01-11T01:58:26Z,,,,,,,heartbeat
,2025-01-11T01:59:11.080175Z,,2025-01-11T01:58:31Z,,,,,,,heartbeat
,2025-01-11T01:59:11.082325Z,,2025-01-11T01:58:36Z,,,,,,,heartbeat
,2025-01-11T01:59:11.083821Z,,2025-01-11T01:58:41Z,,,,,,,heartbeat
,2025-01-11T01:59:11.085160Z,,2025-01-11T01:58:46Z,,,,,,,heartbeat
,2025-01-11T01:59:11.086617Z,,2025-01-11T01:58:51Z,,,,,,,heartbeat
,2025-01-11T01:59:11.087584Z,,2025-01-11T01:58:56Z,,,,,,,heartbeat
,2025-01-11T01:59:11.089060Z,,2025-01-11T01:59:01Z,,,,,,,heartbeat
,2025-01-11T01:59:11.090235Z,,2025-01-11T01:59:06Z,,,,,,,heartbeat
,2025-01-11T01:59:56.129918Z,,2025-01-11T01:59:11Z,,,,,,,heartbeat
,2025-01-11T01:59:56.133438Z,,2025-01-11T01:59:16Z,,,,,,,heartbeat
,2025-01-11T01:59:56.135850Z,,2025-01-11T01:59:21Z,,,,,,,heartbeat
,2025-01-11T01:59:56.137892Z,,2025-01-11T01:59:26Z,,,,,,,heartbeat
,2025-01-11T01:59:56.139662Z,,2025-01-11T01:59:31Z,,,,,,,heartbeat
,2025-01-11T01:59:56.141614Z,,2025-01-11T01:59:36Z,,,,,,,heartbeat
,2025-01-11T01:59:56.143288Z,,2025-01-11T01:59:41Z,,,,,,,heartbeat
,2025-01-11T01:59:56.144859Z,,2025-01-11T01:59:45Z,,,,,,,heartbeat
,2025-01-11T01:59:56.146514Z,,2025-01-11T01:59:51Z,,,,,,,heartbeat
,2025-01-11T02:00:46.099297Z,,2025-01-11T01:59:56Z,,,,,,,heartbeat
,2025-01-11T02:00:46.103066Z,,2025-01-11T02:00:00Z,,,,,,,heartbeat
,2025-01-11T02:00:46.105013Z,,2025-01-11T02:00:05Z,,,,,,,heartbeat
,2025-01-11T02:00:46.107050Z,,2025-01-11T02:00:10Z,,,,,,,heartbeat
,2025-01-11T02:00:46.108847Z,,2025-01-11T02:00:15Z,,,,,,,heartbeat
,2025-01-11T02:00:46.111528Z,,2025-01-11T02:00:21Z,,,,,,,heartbeat
,2025-01-11T02:00:46.113020Z,,2025-01-11T02:00:25Z,,,,,,,heartbeat
,2025-01-11T02:00:46.114515Z,,2025-01-11T02:00:30Z,,,,,,,heartbeat
,2025-01-11T02:00:46.115626Z,,2025-01-11T02:00:36Z,,,,,,,heartbeat
,2025-01-11T02:00:46.116652Z,,2025-01-11T02:00:41Z,,,,,,,heartbeat
,2025-01-11T02:01:31.053434Z,,2025-01-11T02:00:46Z,,,,,,,heartbeat
,2025-01-11T02:01:31.056990Z,,2025-01-11T02:00:51Z,,,,,,,heartbeat
,2025-01-11T02:01:31.058844Z,,2025-01-11T02:00:55Z,,,,,,,heartbeat
,2025-01-11T02:01:31.061312Z,,2025-01-11T02:01:00Z,,,,,,,heartbeat
,2025-01-11T02:01:31.063392Z,,2025-01-11T02:01:06Z,,,,,,,heartbeat
,2025-01-11T02:01:31.064977Z,,2025-01-11T02:01:11Z,,,,,,,heartbeat
,2025-01-11T02:01:31.066137Z,,2025-01-11T02:01:16Z,,,,,,,heartbeat
,2025-01-11T02:01:31.067534Z,,2025-01-11T02:01:20Z,,,,,,,heartbeat
,2025-01-11T02:01:31.069349Z,,2025-01-11T02:01:25Z,,,,,,,heartbeat
,2025-01-11T02:02:16.110348Z,,2025-01-11T02:01:31Z,,,,,,,heartbeat
,2025-01-11T02:02:16.114083Z,,2025-01-11T02:01:36Z,,,,,,,heartbeat
,2025-01-11T02:02:16.116219Z,,2025-01-11T02:01:41Z,,,,,,,heartbeat
,2025-01-11T02:02:16.118824Z,,2025-01-11T02:01:46Z,,,,,,,heartbeat
,2025-01-11T02:02:16.120527Z,,2025-01-11T02:01:51Z,,,,,,,heartbeat
,2025-01-11T02:02:16.122256Z,,2025-01-11T02:01:56Z,,,,,,,heartbeat
,2025-01-11T02:02:16.123527Z,,2025-01-11T02:02:01Z,,,,,,,heartbeat
,2025-01-11T02:02:16.124912Z,,2025-01-11T02:02:06Z,,,,,,,heartbeat
,2025-01-11T02:02:16.126794Z,,2025-01-11T02:02:11Z,,,,,,,heartbeat
,2025-01-11T02:03:06.017085Z,,2025-01-11T02:02:26Z,,,,,,,heartbeat
,2025-01-11T02:03:06.020628Z,,2025-01-11T02:02:31Z,,,,,,,heartbeat
,2025-01-11T02:03:06.022802Z,,2025-01-11T02:02:36Z,,,,,,,heartbeat
,2025-01-11T02:03:06.024695Z,,2025-01-11T02:02:41Z,,,,,,,heartbeat
,2025-01-11T02:03:06.026510Z,,2025-01-11T02:02:46Z,,,,,,,heartbeat
,2025-01-11T02:03:06.028044Z,,2025-01-11T02:02:51Z,,,,,,,heartbeat
,2025-01-11T02:03:06.029507Z,,2025-01-11T02:02:56Z,,,,,,,heartbeat
,2025-01-11T02:03:06.031087Z,,2025-01-11T02:03:01Z,,,,,,,heartbeat
,2025-01-11T02:03:51.137910Z,,2025-01-11T02:03:06Z,,,,,,,heartbeat
,2025-01-11T02:03:51.141522Z,,2025-01-11T02:03:11Z,,,,,,,heartbeat
,2025-01-11T02:03:51.143779Z,,2025-01-11T02:03:16Z,,,,,,,heartbeat
,2025-01-11T02:03:51.145745Z,,2025-01-11T02:03:20Z,,,,,,,heartbeat
,2025-01-11T02:03:51.147403Z,,2025-01-11T02:03:25Z,,,,,,,heartbeat
,2025-01-11T02:03:51.148725Z,,2025-01-11T02:03:30Z,,,,,,,heartbeat
,2025-01-11T02:03:51.150154Z,,2025-01-11T02:03:35Z,,,,,,,heartbeat
,2025-01-11T02:03:51.151652Z,,2025-01-11T02:03:41Z,,,,,,,heartbeat
,2025-01-11T02:03:51.152913Z,,2025-01-11T02:03:45Z,,,,,,,heartbeat
,2025-01-11T02:04:41.109881Z,,2025-01-11T02:03:51Z,,,,,,,heartbeat
