symbol,received_time,trade_time,server_time,last,bid,ask,bid_size,ask_size,volume,type
AAPL,2025-01-10T19:51:53.155578Z,2025-01-10T19:51:49Z,,236.17,236.17,236.21,700,700,36976939,quote
AAPL,2025-01-10T19:51:53.158732Z,2025-01-10T19:51:50Z,,236.2,236.19,100,,100,36977391,quote
AAPL,2025-01-10T19:51:53.164261Z,,,,200,,200,,36977487,quote
AAPL,2025-01-10T19:51:56.077850Z,2025-01-10T19:51:52Z,,236.205,236.2,236.23,1000,700,36977963,quote
AAPL,2025-01-10T19:51:56.082859Z,,,,,100,,100,36977972,quote
AAPL,2025-01-10T19:51:56.088968Z,,,,236.21,,100,,36978065,quote
AAPL,2025-01-10T19:52:00.068788Z,2025-01-10T19:51:55Z,,236.23,236.22,236.24,400,700,36978609,quote
AAPL,2025-01-10T19:52:00.071289Z,,,,900,236.25,900,,36978741,quote
AAPL,2025-01-10T19:52:00.072394Z,2025-01-10T19:51:57Z,,236.26,1000,236.26,1000,400,36981992,quote
AAPL,2025-01-10T19:52:00.073358Z,,,236.23,,300,,300,36982193,quote
AAPL,2025-01-10T19:52:02.016730Z,,,,,700,,700,36982386,quote
AAPL,2025-01-10T19:52:02.028079Z,2025-01-10T19:52:00Z,,236.24,236.21,236.24,100,,36984129,quote
AAPL,2025-01-10T19:52:08.055312Z,2025-01-10T19:52:01Z,,236.2245,700,236.23,700,100,36985181,quote
AAPL,2025-01-10T19:52:08.059095Z,2025-01-10T19:52:02Z,,236.22,500,,500,,36985282,quote
AAPL,2025-01-10T19:52:08.060533Z,,,,,300,,300,36985457,quote
AAPL,2025-01-10T19:52:08.061567Z,,,,,,,,36985567,quote
AAPL,2025-01-10T19:52:08.062167Z,2025-01-10T19:52:05Z,,200,600,,600,,36985818,quote
AAPL,2025-01-10T19:52:08.062756Z,,,,,,,,36985834,quote
AAPL,2025-01-10T19:52:12.048872Z,2025-01-10T19:52:07Z,,236.21,,,,,36986195,quote
AAPL,2025-01-10T19:52:12.052018Z,,,,,,,,36986249,quote
AAPL,2025-01-10T19:52:12.053451Z,2025-01-10T19:52:09Z,,236.2151,700,,700,,36986728,quote
AAPL,2025-01-10T19:52:12.054248Z,,,,,,,,36986745,quote
AAPL,2025-01-10T19:52:15.016790Z,2025-01-10T19:52:11Z,,236.21,,,,,36987184,quote
AAPL,2025-01-10T19:52:15.019707Z,2025-01-10T19:52:12Z,,236.23,,,,,36990013,quote
AAPL,2025-01-10T19:52:15.021070Z,2025-01-10T19:52:13Z,,236.22,400,,400,,36990437,quote
AAPL,2025-01-10T19:52:17.017358Z,2025-01-10T19:52:14Z,,236.23,300,,300,,36990544,quote
AAPL,2025-01-10T19:52:17.020858Z,2025-01-10T19:52:15Z,,236.26,236.24,236.26,700,200,36991475,quote
AAPL,2025-01-10T19:52:20.018796Z,2025-01-10T19:52:16Z,,236.27,236.25,236.29,,700,36992856,quote
AAPL,2025-01-10T19:52:20.022884Z,2025-01-10T19:52:17Z,,100,236.24,236.27,100,300,36994056,quote
AAPL,2025-01-10T19:52:20.024031Z,2025-01-10T19:52:18Z,,236.2574,,400,,400,36994240,quote
AAPL,2025-01-10T19:52:23.014250Z,2025-01-10T19:52:19Z,,236.246,1100,,1100,,36994818,quote
AAPL,2025-01-10T19:52:23.017662Z,2025-01-10T19:52:20Z,,236.26,200,236.26,200,200,36996410,quote
AAPL,2025-01-10T19:52:23.019006Z,,,,300,100,300,100,36996454,quote
AAPL,2025-01-10T19:52:26.079681Z,,,,400,200,400,200,36996575,quote
AAPL,2025-01-10T19:52:26.082138Z,2025-01-10T19:52:23Z,,236.23,236.23,236.25,100,100,36998479,quote
AAPL,2025-01-10T19:52:26.083487Z,,,236.2499,,,,,37001310,quote
AAPL,2025-01-10T19:52:30.017324Z,2025-01-10T19:52:25Z,,236.25,236.24,236.26,200,,37002333,quote
AAPL,2025-01-10T19:52:30.021Z,2025-01-10T19:52:26Z,,,,700,,700,37002439,quote
AAPL,2025-01-10T19:52:30.023569Z,,,,,200,,200,37002588,quote
AAPL,2025-01-10T19:52:30.024161Z,2025-01-10T19:52:28Z,,,,,,,37002740,quote
AAPL,2025-01-10T19:52:32.014623Z,2025-01-10T19:52:29Z,,236.26,236.26,236.27,100,100,37003475,quote
AAPL,2025-01-10T19:52:32.016961Z,,,,,,,,37003492,quote
AAPL,2025-01-10T19:52:35.016582Z,2025-01-10T19:52:31Z,,236.265,236.27,236.28,,,37004381,quote
AAPL,2025-01-10T19:52:35.019672Z,2025-01-10T19:52:32Z,,236.2701,236.26,700,,700,37007313,quote
AAPL,2025-01-10T19:52:35.020945Z,,,,,236.27,,100,37007717,quote
AAPL,2025-01-10T19:52:37.013589Z,2025-01-10T19:52:34Z,,236.28,236.28,236.29,200,,37009087,quote
AAPL,2025-01-10T19:52:37.015023Z,2025-01-10T19:52:35Z,,236.2851,236.29,236.3,100,,37011387,quote
AAPL,2025-01-10T19:52:40.020512Z,2025-01-10T19:52:36Z,,236.3066,236.3,236.32,,700,37012828,quote
AAPL,2025-01-10T19:52:40.023725Z,2025-01-10T19:52:37Z,,236.3481,236.33,236.35,,,37013285,quote
AAPL,2025-01-10T19:52:40.024944Z,,,,236.34,236.36,,,37013328,quote
AAPL,2025-01-10T19:52:43.076607Z,2025-01-10T19:52:39Z,,236.35,236.35,236.37,300,,37013768,quote
AAPL,2025-01-10T19:52:43.080127Z,2025-01-10T19:52:40Z,,236.37,,236.38,,,37014541,quote
AAPL,2025-01-10T19:52:43.081140Z,,,,,,,,37014573,quote
AAPL,2025-01-10T19:52:46.047532Z,2025-01-10T19:52:42Z,,236.3536,,,,,37015031,quote
AAPL,2025-01-10T19:52:46.051792Z,2025-01-10T19:52:43Z,,236.35,1400,236.37,1400,,37016497,quote
AAPL,2025-01-10T19:52:46.053172Z,2025-01-10T19:52:44Z,,236.335,236.33,236.34,100,100,37019387,quote
AAPL,2025-01-10T19:52:48.015915Z,2025-01-10T19:52:45Z,,236.37,236.35,236.38,700,200,37019957,quote
AAPL,2025-01-10T19:52:48.018285Z,2025-01-10T19:52:46Z,,236.38,236.36,236.39,200,700,37020577,quote
AAPL,2025-01-10T19:52:50.015243Z,2025-01-10T19:52:47Z,,,236.37,236.4,100,,37021119,quote
AAPL,2025-01-10T19:52:50.017365Z,2025-01-10T19:52:48Z,,236.385,200,,200,,37021800,quote
AAPL,2025-01-10T19:52:52.015964Z,2025-01-10T19:52:49Z,,236.36,236.35,236.37,700,100,37023092,quote
AAPL,2025-01-10T19:52:52.020424Z,2025-01-10T19:52:50Z,,236.385,236.37,236.4,300,200,37023663,quote
AAPL,2025-01-10T19:52:55.015957Z,2025-01-10T19:52:51Z,,236.4,236.38,236.41,100,700,37023806,quote
AAPL,2025-01-10T19:52:55.018867Z,2025-01-10T19:52:52Z,,236.41,236.4,236.44,400,,37024188,quote
AAPL,2025-01-10T19:52:55.019651Z,,,,600,236.43,600,,37024306,quote
AAPL,2025-01-10T19:52:58.014928Z,2025-01-10T19:52:54Z,,236.46,236.45,236.47,200,,37028291,quote
AAPL,2025-01-10T19:52:58.019890Z,,,,,,,,37028296,quote
AAPL,2025-01-10T19:52:58.023361Z,2025-01-10T19:52:56Z,,236.47,,,,,37028773,quote
AAPL,2025-01-10T19:53:00.019584Z,2025-01-10T19:52:57Z,,236.44,236.43,236.45,,,37029662,quote
AAPL,2025-01-10T19:53:00.020646Z,2025-01-10T19:52:58Z,,236.435,236.44,236.46,100,200,37030974,quote
AAPL,2025-01-10T19:53:03.014847Z,2025-01-10T19:52:59Z,,236.46,700,236.47,700,700,37031858,quote
AAPL,2025-01-10T19:53:03.017381Z,,,,,,,,37031971,quote
AAPL,2025-01-10T19:53:03.019684Z,2025-01-10T19:53:01Z,,236.45,600,236.46,600,,37032411,quote
AAPL,2025-01-10T19:53:05.016602Z,2025-01-10T19:53:02Z,,236.455,200,236.47,200,400,37033669,quote
AAPL,2025-01-10T19:53:05.021957Z,2025-01-10T19:53:03Z,,236.4456,236.43,700,700,700,37033814,quote
AAPL,2025-01-10T19:53:08.061312Z,2025-01-10T19:53:04Z,,236.425,236.41,236.44,300,,37034587,quote
AAPL,2025-01-10T19:53:08.063233Z,2025-01-10T19:53:05Z,,236.41,400,,400,,37034813,quote
AAPL,2025-01-10T19:53:08.064604Z,2025-01-10T19:53:06Z,,236.44,236.42,236.47,700,,37037649,quote
AAPL,2025-01-10T19:53:11.133514Z,2025-01-10T19:53:07Z,,236.425,236.44,236.46,100,,37037752,quote
AAPL,2025-01-10T19:53:11.136362Z,2025-01-10T19:53:08Z,,236.44,236.42,236.45,,,37038065,quote
AAPL,2025-01-10T19:53:11.138272Z,,,,,,,,37038126,quote
AAPL,2025-01-10T19:53:14.014672Z,2025-01-10T19:53:10Z,,236.435,,,,,37038522,quote
AAPL,2025-01-10T19:53:14.017234Z,2025-01-10T19:53:11Z,,236.4,236.4,236.44,200,,37039654,quote
AAPL,2025-01-10T19:53:14.018671Z,,,,100,,100,,37039758,quote
AAPL,2025-01-10T19:53:17.066058Z,2025-01-10T19:53:13Z,,,,236.43,,,37042554,quote
AAPL,2025-01-10T19:53:17.067886Z,,,,236.39,,500,,37042639,quote
AAPL,2025-01-10T19:53:17.069394Z,2025-01-10T19:53:15Z,,236.43,236.41,236.44,300,,37043154,quote
AAPL,2025-01-10T19:53:20.014201Z,2025-01-10T19:53:16Z,,236.4101,800,200,800,200,37043336,quote
AAPL,2025-01-10T19:53:20.016202Z,2025-01-10T19:53:17Z,,236.425,,700,,700,37044235,quote
AAPL,2025-01-10T19:53:20.018820Z,,,236.41,236.39,236.43,400,,37045402,quote
AAPL,2025-01-10T19:53:22.016669Z,2025-01-10T19:53:19Z,,,700,,700,,37045779,quote
AAPL,2025-01-10T19:53:22.020577Z,2025-01-10T19:53:20Z,,236.405,,,,,37046639,quote
AAPL,2025-01-10T19:53:25.020510Z,2025-01-10T19:53:21Z,,236.43,236.42,236.45,,100,37047185,quote
AAPL,2025-01-10T19:53:25.023813Z,,,,800,,800,,37047282,quote
AAPL,2025-01-10T19:53:25.025863Z,2025-01-10T19:53:23Z,,236.42,400,700,400,700,37047728,quote
AAPL,2025-01-10T19:53:29.019907Z,2025-01-10T19:53:24Z,,236.435,500,200,500,200,37048051,quote
AAPL,2025-01-10T19:53:29.023711Z,,,,700,,700,,37048131,quote
AAPL,2025-01-10T19:53:29.026722Z,,,,,,,,37048185,quote
AAPL,2025-01-10T19:53:29.029535Z,2025-01-10T19:53:27Z,,236.455,236.43,236.46,,700,37048924,quote
AAPL,2025-01-10T19:53:31.021330Z,2025-01-10T19:53:28Z,,236.43,236.42,236.43,100,300,37049953,quote
AAPL,2025-01-10T19:53:31.026403Z,2025-01-10T19:53:29Z,,236.385,236.37,236.4,700,100,37050824,quote
AAPL,2025-01-10T19:53:33.020766Z,2025-01-10T19:53:30Z,,236.37,236.35,236.36,200,,37051422,quote
AAPL,2025-01-10T19:53:33.024425Z,2025-01-10T19:53:31Z,,236.359,,,,,37054232,quote
AAPL,2025-01-10T19:53:36.019584Z,2025-01-10T19:53:32Z,,236.34,236.34,700,100,700,37057828,quote
AAPL,2025-01-10T19:53:36.022743Z,2025-01-10T19:53:33Z,,236.3202,236.32,236.34,,300,37058626,quote
AAPL,2025-01-10T19:53:36.024530Z,,,,,400,,400,37058640,quote
AAPL,2025-01-10T19:53:39.089952Z,2025-01-10T19:53:35Z,,236.32,236.3,236.33,700,300,37059425,quote
AAPL,2025-01-10T19:53:39.093508Z,2025-01-10T19:53:36Z,,236.3,,200,,200,37059530,quote
AAPL,2025-01-10T19:53:39.095764Z,,,,236.31,100,,100,37059560,quote
AAPL,2025-01-10T19:53:42.020500Z,,,,236.33,236.34,200,,37059715,quote
AAPL,2025-01-10T19:53:42.025988Z,2025-01-10T19:53:39Z,,236.33,,,,,37061958,quote
AAPL,2025-01-10T19:53:42.029628Z,2025-01-10T19:53:40Z,,236.335,500,,500,,37062375,quote
AAPL,2025-01-10T19:53:44.019445Z,2025-01-10T19:53:41Z,,236.3582,236.34,236.36,200,300,37063879,quote
AAPL,2025-01-10T19:53:44.022183Z,2025-01-10T19:53:42Z,,236.33,236.33,236.35,300,200,37064441,quote
AAPL,2025-01-10T19:53:46.019586Z,2025-01-10T19:53:43Z,,,236.29,236.34,100,400,37064854,quote
AAPL,2025-01-10T19:53:46.023554Z,2025-01-10T19:53:44Z,,236.3162,700,200,700,200,37065564,quote
AAPL,2025-01-10T19:53:51.070253Z,2025-01-10T19:53:45Z,,236.3286,,236.33,,100,37068030,quote
AAPL,2025-01-10T19:53:51.073265Z,,,,,,,,37068033,quote
AAPL,2025-01-10T19:53:51.075040Z,,,,,236.32,,300,37068187,quote
AAPL,2025-01-10T19:53:51.076023Z,,,,,400,,400,37068191,quote
AAPL,2025-01-10T19:53:51.077966Z,2025-01-10T19:53:49Z,,236.3136,,,,,37068371,quote
AAPL,2025-01-10T19:53:54.018592Z,2025-01-10T19:53:50Z,,236.305,,300,,300,37068687,quote
AAPL,2025-01-10T19:53:54.021888Z,,,236.307,,,,,37068996,quote
AAPL,2025-01-10T19:53:54.023703Z,2025-01-10T19:53:52Z,,236.3199,236.3,200,200,200,37071238,quote
AAPL,2025-01-10T19:53:57.018466Z,2025-01-10T19:53:53Z,,236.32,236.32,236.35,800,700,37071889,quote
AAPL,2025-01-10T19:53:57.021911Z,,,,,,,,37071904,quote
AAPL,2025-01-10T19:53:57.023863Z,2025-01-10T19:53:55Z,,236.37,236.33,236.37,700,,37074166,quote
AAPL,2025-01-10T19:54:01.105088Z,,,,200,236.36,200,100,37074361,quote
AAPL,2025-01-10T19:54:01.107404Z,,,,,700,,700,37074412,quote
AAPL,2025-01-10T19:54:01.109163Z,,,,1300,100,1300,100,37074446,quote
AAPL,2025-01-10T19:54:01.111346Z,2025-01-10T19:53:59Z,,236.345,236.35,200,100,200,37074595,quote
AAPL,2025-01-10T19:54:04.076872Z,2025-01-10T19:54:00Z,,236.35,236.33,700,1300,700,37074856,quote
AAPL,2025-01-10T19:54:04.080177Z,2025-01-10T19:54:01Z,,236.345,,300,,300,37075342,quote
AAPL,2025-01-10T19:54:04.081392Z,2025-01-10T19:54:02Z,,,,700,,700,37076175,quote
AAPL,2025-01-10T19:54:08.069383Z,2025-01-10T19:54:03Z,,236.34,,236.35,,500,37077504,quote
AAPL,2025-01-10T19:54:08.073302Z,2025-01-10T19:54:04Z,,236.33,1200,700,1200,700,37078032,quote
AAPL,2025-01-10T19:54:08.075134Z,,,,,100,,100,37078231,quote
AAPL,2025-01-10T19:54:08.076831Z,,,,,,,,37078247,quote
AAPL,2025-01-10T19:54:11.015671Z,2025-01-10T19:54:07Z,,236.36,236.35,236.39,500,700,37079275,quote
AAPL,2025-01-10T19:54:11.021406Z,2025-01-10T19:54:08Z,,236.37,400,,400,,37079875,quote
AAPL,2025-01-10T19:54:11.024280Z,,,,500,,500,,37079942,quote
AAPL,2025-01-10T19:54:13.086840Z,2025-01-10T19:54:09Z,,236.35,,,,,37080068,quote
AAPL,2025-01-10T19:54:13.090322Z,2025-01-10T19:54:11Z,,236.365,400,236.38,400,,37080323,quote
AAPL,2025-01-10T19:54:15.137580Z,2025-01-10T19:54:12Z,,236.3899,600,236.39,600,,37080695,quote
AAPL,2025-01-10T19:54:15.141814Z,2025-01-10T19:54:13Z,,236.35,1300,236.38,1300,,37080826,quote
AAPL,2025-01-10T19:54:18.106712Z,2025-01-10T19:54:14Z,,236.365,,,,,37081253,quote
AAPL,2025-01-10T19:54:18.110306Z,2025-01-10T19:54:15Z,,236.3501,,,,,37088174,quote
AAPL,2025-01-10T19:54:18.112487Z,,,,1200,,1200,,37088201,quote
AAPL,2025-01-10T19:54:21.015753Z,2025-01-10T19:54:17Z,,236.36,,236.37,,,37088788,quote
AAPL,2025-01-10T19:54:21.020199Z,2025-01-10T19:54:18Z,,236.39,236.38,236.4,100,100,37090330,quote
AAPL,2025-01-10T19:54:21.023853Z,2025-01-10T19:54:19Z,,,700,236.42,700,200,37090694,quote
AAPL,2025-01-10T19:54:24.014985Z,,,,500,236.41,500,700,37090893,quote
AAPL,2025-01-10T19:54:24.019072Z,2025-01-10T19:54:21Z,,236.395,,,,,37091435,quote
AAPL,2025-01-10T19:54:24.022499Z,2025-01-10T19:54:22Z,,,600,,600,,37091872,quote
AAPL,2025-01-10T19:54:28.016364Z,2025-01-10T19:54:23Z,,236.4099,,,,,37092194,quote
AAPL,2025-01-10T19:54:28.020738Z,2025-01-10T19:54:24Z,,236.395,,,,,37092597,quote
AAPL,2025-01-10T19:54:28.023163Z,,,,700,,700,,37092726,quote
AAPL,2025-01-10T19:54:28.024885Z,,,,800,300,800,300,37092773,quote
AAPL,2025-01-10T19:54:31.014517Z,2025-01-10T19:54:27Z,,236.38,236.39,,100,,37092875,quote
AAPL,2025-01-10T19:54:31.017738Z,2025-01-10T19:54:28Z,,236.43,236.41,236.43,1400,,37096156,quote
AAPL,2025-01-10T19:54:31.020085Z,2025-01-10T19:54:29Z,,,,,,,37098469,quote
AAPL,2025-01-10T19:54:33.054526Z,2025-01-10T19:54:30Z,,236.42,,700,,700,37099230,quote
AAPL,2025-01-10T19:54:33.057219Z,2025-01-10T19:54:31Z,,236.43,,300,,300,37099573,quote
AAPL,2025-01-10T19:54:37.048315Z,,,236.42,,,,,37100134,quote
AAPL,2025-01-10T19:54:37.051273Z,2025-01-10T19:54:33Z,,236.43,,400,,400,37100966,quote
AAPL,2025-01-10T19:54:37.053861Z,2025-01-10T19:54:34Z,,,,700,,700,37102004,quote
AAPL,2025-01-10T19:54:37.056086Z,,,,,,,,37102020,quote
AAPL,2025-01-10T19:54:40.015190Z,2025-01-10T19:54:35Z,,236.41,236.4,236.42,100,,37103725,quote
AAPL,2025-01-10T19:54:40.017667Z,,,,,,,,37103877,quote
AAPL,2025-01-10T19:54:40.019450Z,2025-01-10T19:54:38Z,,,400,,400,,37104032,quote
AAPL,2025-01-10T19:54:45.016650Z,2025-01-10T19:54:39Z,,236.4,,,,,37104738,quote
AAPL,2025-01-10T19:54:45.021845Z,,,,,,,,37104773,quote
AAPL,2025-01-10T19:54:45.024072Z,2025-01-10T19:54:41Z,,236.41,,,,,37105342,quote
AAPL,2025-01-10T19:54:45.025898Z,,,,,300,,300,37105717,quote
AAPL,2025-01-10T19:54:45.039251Z,,,,,200,,200,,quote
AAPL,2025-01-10T19:54:48.079701Z,2025-01-10T19:54:44Z,,236.4018,,400,,400,37106234,quote
AAPL,2025-01-10T19:54:48.083651Z,2025-01-10T19:54:45Z,,236.4,,236.41,,200,37106466,quote
AAPL,2025-01-10T19:54:48.085968Z,2025-01-10T19:54:46Z,,236.4001,300,236.42,300,500,37108315,quote
AAPL,2025-01-10T19:54:51.076909Z,2025-01-10T19:54:47Z,,236.41,,,,,37108598,quote
AAPL,2025-01-10T19:54:51.080152Z,,,,700,,700,,37108801,quote
AAPL,2025-01-10T19:54:51.082010Z,2025-01-10T19:54:49Z,,236.42,236.42,236.43,1000,400,37109551,quote
AAPL,2025-01-10T19:54:53.125931Z,2025-01-10T19:54:50Z,,236.43,1200,700,1200,700,37112198,quote
AAPL,2025-01-10T19:54:53.130620Z,2025-01-10T19:54:51Z,,236.425,1400,300,1400,300,37112908,quote
AAPL,2025-01-10T19:54:56.017189Z,2025-01-10T19:54:52Z,,236.43,,,,,37113607,quote
AAPL,2025-01-10T19:54:56.020203Z,2025-01-10T19:54:53Z,,236.4246,1200,700,1200,700,37114263,quote
AAPL,2025-01-10T19:54:56.022226Z,,,,1300,200,1300,200,37114406,quote
AAPL,2025-01-10T19:54:58.043130Z,2025-01-10T19:54:55Z,,236.4275,1400,300,1400,300,37114533,quote
AAPL,2025-01-10T19:54:58.046410Z,2025-01-10T19:54:56Z,,236.415,236.41,700,500,700,37116925,quote
AAPL,2025-01-10T19:55:01.016985Z,,,,600,300,600,300,37117114,quote
AAPL,2025-01-10T19:55:01.019800Z,2025-01-10T19:54:58Z,,236.42,236.42,,100,,37117262,quote
AAPL,2025-01-10T19:55:01.021822Z,2025-01-10T19:54:59Z,,236.43,300,400,300,400,37119150,quote
AAPL,2025-01-10T19:55:03.058762Z,2025-01-10T19:55:00Z,,236.4,236.39,236.42,200,200,37120865,quote
AAPL,2025-01-10T19:55:03.064031Z,2025-01-10T19:55:01Z,,236.42,236.4,236.43,400,700,37121749,quote
AAPL,2025-01-10T19:55:07.051577Z,2025-01-10T19:55:02Z,,236.415,700,400,700,400,37122014,quote
AAPL,2025-01-10T19:55:07.055652Z,2025-01-10T19:55:03Z,,236.4123,400,236.42,400,700,37122625,quote
AAPL,2025-01-10T19:55:07.056971Z,,,,,200,,200,37122809,quote
AAPL,2025-01-10T19:55:07.058006Z,,,,,,,,37122814,quote
AAPL,2025-01-10T19:55:09.017843Z,2025-01-10T19:55:06Z,,236.4,,700,,700,37123423,quote
AAPL,2025-01-10T19:55:09.021379Z,2025-01-10T19:55:07Z,,150,236.38,236.4,200,100,37125106,quote
AAPL,2025-01-10T19:55:12.016881Z,2025-01-10T19:55:08Z,,236.390189,400,236.39,400,,37125553,quote
AAPL,2025-01-10T19:55:12.019571Z,2025-01-10T19:55:09Z,,236.395,,236.41,,700,37125806,quote
AAPL,2025-01-10T19:55:12.022151Z,2025-01-10T19:55:10Z,,236.39,200,236.4,200,100,37125934,quote
AAPL,2025-01-10T19:55:15.042259Z,,,,,700,,700,37126540,quote
AAPL,2025-01-10T19:55:15.045760Z,2025-01-10T19:55:12Z,,236.38,236.36,236.38,700,100,37128824,quote
AAPL,2025-01-10T19:55:15.049745Z,2025-01-10T19:55:13Z,,236.375,400,,400,,37129116,quote
AAPL,2025-01-10T19:55:20.056203Z,,,,,200,,200,37129445,quote
AAPL,2025-01-10T19:55:20.057997Z,,,,,700,,700,37129569,quote
AAPL,2025-01-10T19:55:20.059363Z,,,,,200,,200,37129635,quote
AAPL,2025-01-10T19:55:20.060957Z,2025-01-10T19:55:17Z,,236.36,300,700,300,700,37130148,quote
AAPL,2025-01-10T19:55:20.062131Z,2025-01-10T19:55:18Z,,,,100,,100,37130328,quote
AAPL,2025-01-10T19:55:22.017115Z,2025-01-10T19:55:19Z,,236.38,236.38,236.4,100,200,37130688,quote
AAPL,2025-01-10T19:55:22.018495Z,2025-01-10T19:55:20Z,,236.388,,,,,37131032,quote
AAPL,2025-01-10T19:55:24.014721Z,2025-01-10T19:55:21Z,,236.39,700,,700,,37131271,quote
AAPL,2025-01-10T19:55:24.016709Z,2025-01-10T19:55:22Z,,236.4,236.4,236.42,200,3100,37132233,quote
AAPL,2025-01-10T19:55:27.017751Z,2025-01-10T19:55:23Z,,236.41,,,,,37132438,quote
AAPL,2025-01-10T19:55:27.021708Z,2025-01-10T19:55:24Z,,236.425,236.41,236.43,300,400,37135200,quote
AAPL,2025-01-10T19:55:27.023098Z,2025-01-10T19:55:25Z,,236.42,200,,200,,37137545,quote
AAPL,2025-01-10T19:55:31.019124Z,2025-01-10T19:55:26Z,,236.43,236.42,200,100,200,37145016,quote
AAPL,2025-01-10T19:55:31.021580Z,,,236.42,1600,400,1600,400,37145283,quote
AAPL,2025-01-10T19:55:31.022436Z,2025-01-10T19:55:28Z,,200,900,,900,,37145567,quote
AAPL,2025-01-10T19:55:31.023307Z,,,,,,,,37145576,quote
AAPL,2025-01-10T19:55:33.066286Z,2025-01-10T19:55:30Z,,236.39,236.38,236.39,100,100,37147757,quote
AAPL,2025-01-10T19:55:33.069018Z,,,,,,,,37147862,quote
AAPL,2025-01-10T19:55:36.027796Z,2025-01-10T19:55:32Z,,236.385,300,200,300,200,37148341,quote
AAPL,2025-01-10T19:55:36.030651Z,2025-01-10T19:55:33Z,,236.3838,,,,,37148884,quote
AAPL,2025-01-10T19:55:36.031762Z,,,236.385,,,,,37149174,quote
AAPL,2025-01-10T19:55:39.021347Z,2025-01-10T19:55:35Z,,236.42,400,236.42,400,700,37151143,quote
AAPL,2025-01-10T19:55:39.024472Z,,,,236.41,236.43,200,400,37151301,quote
AAPL,2025-01-10T19:55:39.026295Z,2025-01-10T19:55:37Z,,236.43,100,,100,,37151575,quote
AAPL,2025-01-10T19:55:42.022805Z,,,236.41,900,,900,,37151695,quote
AAPL,2025-01-10T19:55:42.024808Z,2025-01-10T19:55:39Z,,236.42,800,300,800,300,37152787,quote
AAPL,2025-01-10T19:55:42.026141Z,2025-01-10T19:55:40Z,,236.41,236.4,236.41,100,700,37154199,quote
AAPL,2025-01-10T19:55:46.075456Z,,,,,100,,100,37154243,quote
AAPL,2025-01-10T19:55:46.078851Z,,,,,,,,37154591,quote
AAPL,2025-01-10T19:55:46.079457Z,2025-01-10T19:55:43Z,,,236.39,,200,,37154815,quote
AAPL,2025-01-10T19:55:46.080276Z,2025-01-10T19:55:44Z,,,236.4,236.43,700,700,37155683,quote
AAPL,2025-01-10T19:55:48.025134Z,,,236.415,236.41,300,200,300,37155992,quote
AAPL,2025-01-10T19:55:48.031103Z,2025-01-10T19:55:46Z,,236.4244,100,,100,,37156654,quote
AAPL,2025-01-10T19:55:54.024986Z,2025-01-10T19:55:47Z,,236.425,236.4,800,300,800,37159838,quote
AAPL,2025-01-10T19:55:54.028546Z,,,,236.39,236.41,400,100,37160017,quote
AAPL,2025-01-10T19:55:54.029941Z,,,,236.4,236.42,200,700,37160079,quote
AAPL,2025-01-10T19:55:54.030768Z,,,,900,,900,,37160117,quote
AAPL,2025-01-10T19:55:54.031517Z,,,,,,,,37160179,quote
AAPL,2025-01-10T19:55:54.032247Z,2025-01-10T19:55:52Z,,236.41,500,,500,,37161295,quote
AAPL,2025-01-10T19:55:58.056502Z,2025-01-10T19:55:53Z,,,,,,,37161888,quote
AAPL,2025-01-10T19:55:58.058234Z,,,,1000,300,1000,300,37161945,quote
AAPL,2025-01-10T19:55:58.059343Z,2025-01-10T19:55:55Z,,236.405,900,236.41,900,100,37162722,quote
AAPL,2025-01-10T19:55:58.060077Z,,,,500,500,500,500,37162869,quote
AAPL,2025-01-10T19:56:01.037322Z,,,,,400,,400,37163003,quote
AAPL,2025-01-10T19:56:01.039348Z,2025-01-10T19:55:58Z,,236.41,,236.42,,700,37163619,quote
AAPL,2025-01-10T19:56:01.039947Z,2025-01-10T19:55:59Z,,236.4007,,,,,37164091,quote
AAPL,2025-01-10T19:56:03.025616Z,2025-01-10T19:56:00Z,,236.4029,,,,,37164543,quote
AAPL,2025-01-10T19:56:03.027647Z,2025-01-10T19:56:01Z,,236.42,600,,600,,37166983,quote
AAPL,2025-01-10T19:56:06.148275Z,2025-01-10T19:56:02Z,,236.4178,700,100,700,100,37168039,quote
AAPL,2025-01-10T19:56:06.151388Z,2025-01-10T19:56:03Z,,236.4,,236.41,,700,37169053,quote
AAPL,2025-01-10T19:56:06.152630Z,,,,,236.42,,,37169118,quote
AAPL,2025-01-10T19:56:09.027219Z,2025-01-10T19:56:05Z,,236.43,236.41,236.43,1000,,37171841,quote
AAPL,2025-01-10T19:56:09.033300Z,2025-01-10T19:56:06Z,,236.42,,,,,37172060,quote
AAPL,2025-01-10T19:56:09.034724Z,2025-01-10T19:56:07Z,,236.41,236.4,236.42,1300,,37172922,quote
AAPL,2025-01-10T19:56:13.029846Z,,,,,200,,200,37173016,quote
AAPL,2025-01-10T19:56:13.036508Z,,,,,236.43,,700,37173058,quote
AAPL,2025-01-10T19:56:13.040691Z,,,,1400,,1400,,37173081,quote
AAPL,2025-01-10T19:56:13.056079Z,2025-01-10T19:56:11Z,,236.4,1500,200,1500,200,37192335,quote
AAPL,2025-01-10T19:56:17.030576Z,2025-01-10T19:56:12Z,,236.435,236.42,236.45,700,100,37192670,quote
AAPL,2025-01-10T19:56:17.032196Z,,,,1100,800,1100,800,37193412,quote
AAPL,2025-01-10T19:56:17.032979Z,,,,1000,700,1000,700,37193521,quote
AAPL,2025-01-10T19:56:17.034501Z,2025-01-10T19:56:15Z,,236.44,236.43,236.46,400,,37193932,quote
AAPL,2025-01-10T19:56:20.074613Z,2025-01-10T19:56:16Z,,236.445,300,,300,,37196027,quote
AAPL,2025-01-10T19:56:20.082808Z,2025-01-10T19:56:17Z,,236.423,236.42,236.44,1000,,37196644,quote
AAPL,2025-01-10T19:56:20.086701Z,,,,,100,,100,37196668,quote
AAPL,2025-01-10T19:56:22.031633Z,2025-01-10T19:56:19Z,,236.43,,700,,700,37196986,quote
AAPL,2025-01-10T19:56:22.036254Z,2025-01-10T19:56:20Z,,,,200,,200,37197308,quote
AAPL,2025-01-10T19:56:27.031492Z,2025-01-10T19:56:21Z,,236.42,400,236.43,400,,37199313,quote
AAPL,2025-01-10T19:56:27.036651Z,2025-01-10T19:56:22Z,,236.43,,236.44,,700,37199686,quote
AAPL,2025-01-10T19:56:27.040671Z,,,,,300,,300,37199894,quote
AAPL,2025-01-10T19:56:27.042822Z,2025-01-10T19:56:24Z,,,,,,,37200299,quote
AAPL,2025-01-10T19:56:27.045428Z,,,,,,,,37200317,quote
AAPL,2025-01-10T19:56:30.110882Z,,,,,236.43,,,37200419,quote
AAPL,2025-01-10T19:56:30.112724Z,2025-01-10T19:56:27Z,,236.39,236.38,236.4,100,200,37203153,quote
AAPL,2025-01-10T19:56:30.115090Z,2025-01-10T19:56:28Z,,236.385,200,300,200,300,37203405,quote
AAPL,2025-01-10T19:56:32.058152Z,2025-01-10T19:56:29Z,,236.3978,300,,300,,37203584,quote
AAPL,2025-01-10T19:56:32.066840Z,2025-01-10T19:56:30Z,,236.38,,,,,37203750,quote
AAPL,2025-01-10T19:56:35.030050Z,2025-01-10T19:56:31Z,,236.39,,236.39,,100,37204085,quote
AAPL,2025-01-10T19:56:35.032519Z,,,,,,,,37204103,quote
AAPL,2025-01-10T19:56:35.034419Z,2025-01-10T19:56:33Z,,236.355,236.34,236.38,,700,37205550,quote
AAPL,2025-01-10T19:56:37.074648Z,2025-01-10T19:56:34Z,,236.38,236.37,236.39,100,100,37206300,quote
AAPL,2025-01-10T19:56:37.079105Z,2025-01-10T19:56:35Z,,236.37,236.38,200,,200,37206645,quote
AAPL,2025-01-10T19:56:40.148923Z,2025-01-10T19:56:36Z,,236.38,236.36,100,700,100,37210778,quote
AAPL,2025-01-10T19:56:40.152047Z,2025-01-10T19:56:37Z,,236.43,236.4,236.43,200,700,37214355,quote
AAPL,2025-01-10T19:56:40.153127Z,2025-01-10T19:56:38Z,,100,236.39,,700,,37214497,quote
AAPL,2025-01-10T19:56:43.031725Z,,,,1100,236.42,1100,200,37214531,quote
AAPL,2025-01-10T19:56:43.034872Z,,,,900,,900,,37214575,quote
AAPL,2025-01-10T19:56:43.037182Z,2025-01-10T19:56:41Z,,236.4148,800,700,800,700,37215212,quote
AAPL,2025-01-10T19:56:48.076638Z,2025-01-10T19:56:42Z,,236.41,,236.41,,300,37215724,quote
AAPL,2025-01-10T19:56:48.079344Z,,,,,,,,37215748,quote
AAPL,2025-01-10T19:56:48.081410Z,2025-01-10T19:56:44Z,,,,236.42,,100,37216251,quote
AAPL,2025-01-10T19:56:48.083336Z,,,,,,,,37216312,quote
AAPL,2025-01-10T19:56:48.085084Z,2025-01-10T19:56:46Z,,,,700,,700,37216685,quote
AAPL,2025-01-10T19:56:52.029918Z,2025-01-10T19:56:47Z,,236.4,,236.41,,300,37217117,quote
AAPL,2025-01-10T19:56:52.031632Z,,,,,,,,37217118,quote
AAPL,2025-01-10T19:56:52.032488Z,,,,,,,,37217135,quote
AAPL,2025-01-10T19:56:52.033205Z,2025-01-10T19:56:50Z,,,,700,,700,37217977,quote
AAPL,2025-01-10T19:56:54.057248Z,2025-01-10T19:56:51Z,,236.41,,200,,200,37218136,quote
AAPL,2025-01-10T19:56:54.060393Z,2025-01-10T19:56:52Z,,236.39,600,236.4,600,100,37218739,quote
AAPL,2025-01-10T19:56:57.026656Z,2025-01-10T19:56:53Z,,236.395,236.38,236.41,300,200,37220883,quote
AAPL,2025-01-10T19:56:57.028922Z,2025-01-10T19:56:54Z,,236.4,236.39,,700,,37221238,quote
AAPL,2025-01-10T19:56:57.030027Z,2025-01-10T19:56:55Z,,236.42,236.4,236.42,200,,37221859,quote
AAPL,2025-01-10T19:57:00.135320Z,,,,,700,,700,37221894,quote
AAPL,2025-01-10T19:57:00.138022Z,,,,,300,,300,37221902,quote
AAPL,2025-01-10T19:57:00.140108Z,2025-01-10T19:56:58Z,,236.4,300,700,300,700,37222228,quote
AAPL,2025-01-10T19:57:02.027492Z,2025-01-10T19:56:59Z,,236.39,236.38,236.4,500,100,37223812,quote
AAPL,2025-01-10T19:57:02.030840Z,2025-01-10T19:57:00Z,,236.31,236.31,236.34,700,,37226622,quote
AAPL,2025-01-10T19:57:04.028825Z,2025-01-10T19:57:01Z,,236.33,400,,400,,37227136,quote
AAPL,2025-01-10T19:57:04.032860Z,2025-01-10T19:57:02Z,,236.29,236.27,236.31,700,700,37228515,quote
AAPL,2025-01-10T19:57:07.031373Z,2025-01-10T19:57:03Z,,236.3052,,236.3,,100,37230852,quote
AAPL,2025-01-10T19:57:07.046863Z,2025-01-10T19:57:04Z,,236.2839,,236.31,,500,37231285,quote
AAPL,2025-01-10T19:57:07.049856Z,2025-01-10T19:57:05Z,,236.3317,236.32,236.34,,100,37232835,quote
AAPL,2025-01-10T19:57:09.028096Z,2025-01-10T19:57:06Z,,236.34,300,300,300,300,37233908,quote
AAPL,2025-01-10T19:57:09.030637Z,2025-01-10T19:57:07Z,,236.35,236.33,236.37,700,200,37234678,quote
AAPL,2025-01-10T19:57:11.028254Z,2025-01-10T19:57:08Z,,236.37,236.35,236.38,,400,37235617,quote
AAPL,2025-01-10T19:57:11.032326Z,2025-01-10T19:57:09Z,,236.3799,236.36,,,,37241087,quote
AAPL,2025-01-10T19:57:14.033286Z,,,236.38,236.37,236.41,,700,37243127,quote
AAPL,2025-01-10T19:57:14.037443Z,2025-01-10T19:57:11Z,,236.39,236.38,200,,200,37243684,quote
AAPL,2025-01-10T19:57:14.040409Z,2025-01-10T19:57:12Z,,,236.37,300,,300,37244030,quote
AAPL,2025-01-10T19:57:16.028321Z,2025-01-10T19:57:13Z,,236.42,236.39,236.43,,200,37247255,quote
AAPL,2025-01-10T19:57:16.032348Z,2025-01-10T19:57:14Z,,236.43,,,,,37247458,quote
AAPL,2025-01-10T19:57:18.026688Z,2025-01-10T19:57:15Z,,236.415,236.4,700,100,700,37247969,quote
AAPL,2025-01-10T19:57:18.028047Z,2025-01-10T19:57:16Z,,236.4,236.39,,700,,37248608,quote
AAPL,2025-01-10T19:57:21.107050Z,2025-01-10T19:57:17Z,,236.39,200,236.4,200,100,37249708,quote
AAPL,2025-01-10T19:57:21.110385Z,2025-01-10T19:57:18Z,,236.415,236.4,236.43,,700,37250569,quote
AAPL,2025-01-10T19:57:21.112014Z,2025-01-10T19:57:19Z,,100,236.41,,300,,37251380,quote
AAPL,2025-01-10T19:57:23.028462Z,2025-01-10T19:57:20Z,,236.43,236.4,236.44,500,,37251704,quote
AAPL,2025-01-10T19:57:23.030927Z,2025-01-10T19:57:21Z,,,236.41,236.45,300,,37252339,quote
AAPL,2025-01-10T19:57:27.044167Z,2025-01-10T19:57:22Z,,236.48,236.44,236.47,700,,37252889,quote
AAPL,2025-01-10T19:57:27.047894Z,2025-01-10T19:57:23Z,,236.46,,236.48,,,37253447,quote
AAPL,2025-01-10T19:57:27.050586Z,2025-01-10T19:57:24Z,,,400,236.47,400,,37253858,quote
AAPL,2025-01-10T19:57:27.052392Z,,,,,,,,37253880,quote
AAPL,2025-01-10T19:57:30.026897Z,2025-01-10T19:57:26Z,,236.455,1100,,1100,,37254719,quote
AAPL,2025-01-10T19:57:30.028558Z,2025-01-10T19:57:27Z,,236.45,1200,236.48,1200,,37256482,quote
AAPL,2025-01-10T19:57:30.029825Z,,,,1100,236.47,1100,200,37256672,quote
AAPL,2025-01-10T19:57:33.031249Z,2025-01-10T19:57:29Z,,236.44,,236.45,,700,37259088,quote
AAPL,2025-01-10T19:57:33.034033Z,2025-01-10T19:57:30Z,,,,236.46,,,37259738,quote
AAPL,2025-01-10T19:57:33.036265Z,2025-01-10T19:57:31Z,,236.4639,,236.47,,,37261008,quote
AAPL,2025-01-10T19:57:36.050891Z,2025-01-10T19:57:32Z,,236.45,,,,,37261427,quote
AAPL,2025-01-10T19:57:36.053186Z,2025-01-10T19:57:33Z,,236.44,,400,,400,37261970,quote
AAPL,2025-01-10T19:57:36.055090Z,2025-01-10T19:57:34Z,,236.46,400,236.45,400,700,37268267,quote
AAPL,2025-01-10T19:57:38.027527Z,2025-01-10T19:57:35Z,,236.445,,236.46,,,37268840,quote
AAPL,2025-01-10T19:57:38.029312Z,2025-01-10T19:57:36Z,,236.43,236.41,236.43,100,,37270502,quote
AAPL,2025-01-10T19:57:40.029606Z,2025-01-10T19:57:37Z,,236.4158,200,,200,,37270864,quote
AAPL,2025-01-10T19:57:40.032787Z,2025-01-10T19:57:38Z,,236.42,300,,300,,37271262,quote
AAPL,2025-01-10T19:57:42.030324Z,2025-01-10T19:57:39Z,,236.41,236.37,236.4,,200,37272135,quote
AAPL,2025-01-10T19:57:42.034824Z,2025-01-10T19:57:40Z,,236.385,236.35,236.38,400,700,37272567,quote
AAPL,2025-01-10T19:57:45.067806Z,2025-01-10T19:57:41Z,,236.36,500,200,500,200,37272716,quote
AAPL,2025-01-10T19:57:45.071150Z,2025-01-10T19:57:42Z,,236.38,236.36,100,700,100,37273297,quote
AAPL,2025-01-10T19:57:45.073296Z,,,,236.35,236.37,100,700,37273469,quote
AAPL,2025-01-10T19:57:48.139617Z,2025-01-10T19:57:44Z,,236.37,236.32,236.36,700,,37274132,quote
AAPL,2025-01-10T19:57:48.140911Z,,,,236.33,200,,200,37274315,quote
AAPL,2025-01-10T19:57:48.142199Z,2025-01-10T19:57:46Z,,236.36,236.35,236.38,300,900,37275178,quote
AAPL,2025-01-10T19:57:51.112956Z,2025-01-10T19:57:47Z,,236.365,236.34,,700,,37275319,quote
AAPL,2025-01-10T19:57:51.116806Z,,,,,,,,37275349,quote
AAPL,2025-01-10T19:57:51.118433Z,2025-01-10T19:57:49Z,,236.34,,,,,37277797,quote
AAPL,2025-01-10T19:57:54.030380Z,2025-01-10T19:57:50Z,,236.37,236.35,800,1100,800,37278001,quote
AAPL,2025-01-10T19:57:54.034603Z,2025-01-10T19:57:51Z,,,,900,,900,37278264,quote
AAPL,2025-01-10T19:57:54.038087Z,2025-01-10T19:57:52Z,,236.365,1000,,1000,,37279085,quote
AAPL,2025-01-10T19:57:59.099698Z,2025-01-10T19:57:53Z,,236.3719,,236.37,,100,37279251,quote
AAPL,2025-01-10T19:57:59.103761Z,,,,1100,236.38,1100,900,37279280,quote
AAPL,2025-01-10T19:57:59.104913Z,2025-01-10T19:57:55Z,,236.365,236.36,,100,,37279546,quote
AAPL,2025-01-10T19:57:59.106631Z,,,,236.35,1000,1000,1000,37279663,quote
AAPL,2025-01-10T19:58:02.030792Z,2025-01-10T19:57:58Z,,236.3568,,,,,37280066,quote
AAPL,2025-01-10T19:58:02.034646Z,,,,,,,,37280171,quote
AAPL,2025-01-10T19:58:02.036893Z,2025-01-10T19:58:00Z,,236.36,236.34,1300,300,1300,37282309,quote
AAPL,2025-01-10T19:58:09.030196Z,2025-01-10T19:58:01Z,,236.37,236.37,236.4,400,700,37284633,quote
AAPL,2025-01-10T19:58:09.034654Z,,,,300,,300,,37284644,quote
AAPL,2025-01-10T19:58:09.036726Z,,,,,236.39,,,37284720,quote
AAPL,2025-01-10T19:58:09.038163Z,,,,,100,,100,37284731,quote
AAPL,2025-01-10T19:58:09.039408Z,,,,400,236.4,400,700,37284975,quote
AAPL,2025-01-10T19:58:09.041319Z,,,,,,,,37285021,quote
AAPL,2025-01-10T19:58:09.042413Z,2025-01-10T19:58:07Z,,400,,,,,37285471,quote
AAPL,2025-01-10T19:58:11.030848Z,2025-01-10T19:58:08Z,,236.405,236.4,236.42,100,,37288258,quote
AAPL,2025-01-10T19:58:11.033882Z,,,236.4,236.39,,900,,37288475,quote
AAPL,2025-01-10T19:58:13.029673Z,2025-01-10T19:58:10Z,,236.3709,236.37,236.38,200,200,37289884,quote
AAPL,2025-01-10T19:58:13.032894Z,2025-01-10T19:58:11Z,,236.34,236.33,236.35,,100,37292532,quote
AAPL,2025-01-10T19:58:16.094981Z,2025-01-10T19:58:12Z,,,100,200,100,200,37292709,quote
AAPL,2025-01-10T19:58:16.097624Z,2025-01-10T19:58:13Z,,236.35,,100,,100,37294222,quote
AAPL,2025-01-10T19:58:16.099731Z,2025-01-10T19:58:14Z,,236.32,236.31,236.34,,700,37294586,quote
AAPL,2025-01-10T19:58:20.029257Z,2025-01-10T19:58:15Z,,,700,236.33,700,100,37294880,quote
AAPL,2025-01-10T19:58:20.031815Z,,,,300,,300,,37294969,quote
AAPL,2025-01-10T19:58:20.033748Z,2025-01-10T19:58:17Z,,236.33,236.32,236.34,700,,37295752,quote
AAPL,2025-01-10T19:58:20.035016Z,,,,200,,200,,37295858,quote
AAPL,2025-01-10T19:58:23.059004Z,,,,,,,,37295914,quote
AAPL,2025-01-10T19:58:23.062112Z,2025-01-10T19:58:20Z,,236.335,236.33,236.35,,,37297013,quote
AAPL,2025-01-10T19:58:23.064319Z,2025-01-10T19:58:21Z,,236.34,300,236.36,300,700,37297449,quote
AAPL,2025-01-10T19:58:26.132566Z,2025-01-10T19:58:22Z,,236.345,236.34,236.37,100,,37298035,quote
AAPL,2025-01-10T19:58:26.135153Z,2025-01-10T19:58:23Z,,236.35,236.33,,300,,37298166,quote
AAPL,2025-01-10T19:58:26.136909Z,,,,200,236.35,200,100,37298282,quote
AAPL,2025-01-10T19:58:28.046670Z,2025-01-10T19:58:25Z,,236.32,236.31,236.33,700,,37301305,quote
AAPL,2025-01-10T19:58:28.050734Z,2025-01-10T19:58:26Z,,236.34,200,236.34,200,,37301663,quote
AAPL,2025-01-10T19:58:30.029470Z,2025-01-10T19:58:27Z,,236.325,100,236.33,100,200,37301982,quote
AAPL,2025-01-10T19:58:30.033434Z,2025-01-10T19:58:28Z,,236.3,236.29,300,700,300,37302752,quote
AAPL,2025-01-10T19:58:32.030293Z,2025-01-10T19:58:29Z,,236.315,236.3,200,,200,37302999,quote
AAPL,2025-01-10T19:58:32.034002Z,2025-01-10T19:58:30Z,,236.325,236.31,236.34,,,37304222,quote
AAPL,2025-01-10T19:58:34.028872Z,2025-01-10T19:58:31Z,,236.33,236.32,100,400,100,37304765,quote
AAPL,2025-01-10T19:58:34.030378Z,2025-01-10T19:58:32Z,,236.34,236.34,236.36,300,700,37305520,quote
AAPL,2025-01-10T19:58:37.028915Z,2025-01-10T19:58:33Z,,236.36,236.35,236.37,100,100,37305812,quote
AAPL,2025-01-10T19:58:37.032145Z,2025-01-10T19:58:34Z,,,,236.38,,700,37306034,quote
AAPL,2025-01-10T19:58:37.034660Z,2025-01-10T19:58:35Z,,236.37,236.34,900,400,900,37306320,quote
AAPL,2025-01-10T19:58:40.058053Z,,,,800,1100,800,1100,37306463,quote
AAPL,2025-01-10T19:58:40.060667Z,2025-01-10T19:58:37Z,,236.34,236.33,236.35,200,700,37308118,quote
AAPL,2025-01-10T19:58:40.062567Z,2025-01-10T19:58:38Z,,,,100,,100,37308228,quote
AAPL,2025-01-10T19:58:42.028716Z,2025-01-10T19:58:39Z,,236.32,236.3,236.33,700,200,37308895,quote
AAPL,2025-01-10T19:58:42.036096Z,2025-01-10T19:58:40Z,,236.27,236.28,236.29,100,300,37309708,quote
AAPL,2025-01-10T19:58:44.028841Z,2025-01-10T19:58:41Z,,,236.26,200,700,200,37309930,quote
AAPL,2025-01-10T19:58:44.032962Z,2025-01-10T19:58:42Z,,236.295,236.28,236.31,,100,37310178,quote
AAPL,2025-01-10T19:58:47.099786Z,2025-01-10T19:58:43Z,,236.28,236.27,236.29,100,200,37311284,quote
AAPL,2025-01-10T19:58:47.103652Z,2025-01-10T19:58:44Z,,236.26,236.26,1100,200,1100,37312014,quote
AAPL,2025-01-10T19:58:47.105282Z,2025-01-10T19:58:45Z,,236.28,236.27,700,700,700,37312328,quote
AAPL,2025-01-10T19:58:49.069538Z,2025-01-10T19:58:46Z,,236.277,800,,800,,37312813,quote
AAPL,2025-01-10T19:58:49.073740Z,2025-01-10T19:58:47Z,,236.2724,1000,,1000,,37313137,quote
AAPL,2025-01-10T19:58:52.028870Z,2025-01-10T19:58:48Z,,236.28,800,,800,,37313363,quote
AAPL,2025-01-10T19:58:52.031379Z,2025-01-10T19:58:49Z,,236.31,236.28,236.31,700,,37317159,quote
AAPL,2025-01-10T19:58:52.033568Z,2025-01-10T19:58:50Z,,236.28,400,200,400,200,37317347,quote
AAPL,2025-01-10T19:58:55.030272Z,,,,100,700,100,700,37317496,quote
AAPL,2025-01-10T19:58:55.033327Z,,,,236.29,200,200,200,37317526,quote
AAPL,2025-01-10T19:58:55.034574Z,2025-01-10T19:58:53Z,,236.3,1200,,1200,,37319622,quote
AAPL,2025-01-10T19:58:58.080489Z,2025-01-10T19:58:54Z,,236.3082,,,,,37319912,quote
AAPL,2025-01-10T19:58:58.083573Z,2025-01-10T19:58:55Z,,236.3,1300,300,1300,300,37320026,quote
AAPL,2025-01-10T19:58:58.085554Z,2025-01-10T19:58:56Z,,236.315,236.32,236.35,300,100,37321849,quote
AAPL,2025-01-10T19:59:00.028674Z,2025-01-10T19:58:57Z,,236.335,500,700,500,700,37322502,quote
AAPL,2025-01-10T19:59:00.031351Z,2025-01-10T19:58:58Z,,236.35,236.34,236.36,300,100,37322814,quote
AAPL,2025-01-10T19:59:03.097639Z,2025-01-10T19:58:59Z,,236.34,236.33,700,1500,700,37323612,quote
AAPL,2025-01-10T19:59:03.100495Z,,,,,,,,37323631,quote
AAPL,2025-01-10T19:59:03.102275Z,2025-01-10T19:59:01Z,,236.35,236.34,400,100,400,37323933,quote
AAPL,2025-01-10T19:59:06.066561Z,2025-01-10T19:59:02Z,,,200,700,200,700,37324272,quote
AAPL,2025-01-10T19:59:06.068480Z,2025-01-10T19:59:03Z,,236.355,236.36,236.39,,,37325489,quote
AAPL,2025-01-10T19:59:06.069775Z,2025-01-10T19:59:04Z,,236.378322,300,,300,,37326284,quote
AAPL,2025-01-10T19:59:08.032032Z,,,236.35,236.34,236.36,1500,800,37327203,quote
AAPL,2025-01-10T19:59:08.034635Z,2025-01-10T19:59:06Z,,236.33,236.33,236.35,100,700,37330031,quote
AAPL,2025-01-10T19:59:11.084850Z,2025-01-10T19:59:07Z,,236.3476,,,,,37330718,quote
AAPL,2025-01-10T19:59:11.087840Z,,,,236.32,,400,,37330746,quote
AAPL,2025-01-10T19:59:11.088876Z,2025-01-10T19:59:09Z,,236.3293,,236.34,,,37331020,quote
AAPL,2025-01-10T19:59:15.080716Z,2025-01-10T19:59:10Z,,236.335,236.33,236.35,200,,37331305,quote
AAPL,2025-01-10T19:59:15.084902Z,2025-01-10T19:59:11Z,,236.34,300,200,300,200,37331688,quote
AAPL,2025-01-10T19:59:15.086913Z,,,,,700,,700,37331710,quote
AAPL,2025-01-10T19:59:15.088411Z,2025-01-10T19:59:13Z,,,200,,200,,37333111,quote
AAPL,2025-01-10T19:59:17.128960Z,2025-01-10T19:59:14Z,,236.28,236.27,236.29,700,200,37335151,quote
AAPL,2025-01-10T19:59:17.131988Z,2025-01-10T19:59:15Z,,236.29,236.28,236.31,,,37335747,quote
AAPL,2025-01-10T19:59:19.033752Z,2025-01-10T19:59:16Z,,236.295,100,700,100,700,37338277,quote
AAPL,2025-01-10T19:59:19.037821Z,2025-01-10T19:59:17Z,,236.28,236.25,236.29,700,500,37339193,quote
AAPL,2025-01-10T19:59:21.032045Z,2025-01-10T19:59:18Z,,236.2697,,236.28,,200,37340588,quote
AAPL,2025-01-10T19:59:21.034521Z,2025-01-10T19:59:19Z,,236.25,236.24,236.27,100,700,37341088,quote
AAPL,2025-01-10T19:59:24.033607Z,2025-01-10T19:59:20Z,,236.28,236.26,236.29,700,,37341605,quote
AAPL,2025-01-10T19:59:24.038950Z,,,236.275,,100,,100,37341780,quote
AAPL,2025-01-10T19:59:24.042175Z,2025-01-10T19:59:22Z,,236.29,236.27,200,100,200,37342095,quote
AAPL,2025-01-10T19:59:26.032287Z,2025-01-10T19:59:23Z,,236.2661,236.26,300,600,300,37342326,quote
AAPL,2025-01-10T19:59:26.040994Z,2025-01-10T19:59:24Z,,236.275,300,700,300,700,37342607,quote
AAPL,2025-01-10T19:59:30.032189Z,2025-01-10T19:59:25Z,,236.27,200,,200,,37343112,quote
AAPL,2025-01-10T19:59:30.035347Z,,,,,,,,37343176,quote
AAPL,2025-01-10T19:59:30.036529Z,,,,700,,700,,37343224,quote
AAPL,2025-01-10T19:59:30.037684Z,2025-01-10T19:59:28Z,,236.26,236.27,,100,,37344355,quote
AAPL,2025-01-10T19:59:32.032713Z,2025-01-10T19:59:29Z,,236.19,236.18,236.2,700,100,37349139,quote
AAPL,2025-01-10T19:59:32.036513Z,2025-01-10T19:59:30Z,,236.18,,,,,37349251,quote
AAPL,2025-01-10T19:59:35.133840Z,2025-01-10T19:59:31Z,,236.21,236.2,236.22,,,37350158,quote
AAPL,2025-01-10T19:59:35.136524Z,2025-01-10T19:59:32Z,,236.23,236.22,236.24,,,37352443,quote
AAPL,2025-01-10T19:59:35.138534Z,2025-01-10T19:59:33Z,,236.2396,236.24,236.26,100,700,37352853,quote
AAPL,2025-01-10T19:59:38.038732Z,2025-01-10T19:59:34Z,,236.2576,400,400,400,400,37353161,quote
AAPL,2025-01-10T19:59:38.041610Z,2025-01-10T19:59:35Z,,236.26,236.27,236.3,200,700,37353897,quote
AAPL,2025-01-10T19:59:38.043401Z,,,,100,,100,,37353934,quote
AAPL,2025-01-10T19:59:40.064188Z,,,,236.24,236.27,400,,37354110,quote
AAPL,2025-01-10T19:59:40.066734Z,2025-01-10T19:59:38Z,,236.2657,236.25,100,700,100,37354365,quote
AAPL,2025-01-10T19:59:44.032840Z,2025-01-10T19:59:39Z,,236.26,,236.29,,700,37354758,quote
AAPL,2025-01-10T19:59:44.034540Z,,,,,236.28,,100,37354858,quote
AAPL,2025-01-10T19:59:44.035516Z,,,,400,236.29,400,700,37354988,quote
AAPL,2025-01-10T19:59:44.036432Z,2025-01-10T19:59:42Z,,,200,236.28,200,,37356020,quote
AAPL,2025-01-10T19:59:47.032336Z,2025-01-10T19:59:43Z,,236.25,300,236.27,300,,37357193,quote
AAPL,2025-01-10T19:59:47.036910Z,2025-01-10T19:59:44Z,,236.28,236.27,236.3,100,,37359211,quote
AAPL,2025-01-10T19:59:47.038178Z,2025-01-10T19:59:45Z,,236.25,236.25,236.28,400,,37359709,quote
AAPL,2025-01-10T19:59:51.029660Z,,,,236.26,236.29,300,,37359714,quote
AAPL,2025-01-10T19:59:51.033892Z,,,,236.25,,700,,37359781,quote
AAPL,2025-01-10T19:59:51.037891Z,2025-01-10T19:59:48Z,,,400,,400,,37359938,quote
AAPL,2025-01-10T19:59:51.040838Z,2025-01-10T19:59:49Z,,236.31,236.29,236.32,200,,37361186,quote
AAPL,2025-01-10T19:59:53.070048Z,2025-01-10T19:59:50Z,,236.32,236.32,236.33,100,,37361582,quote
AAPL,2025-01-10T19:59:53.073646Z,2025-01-10T19:59:51Z,,236.3287,236.31,600,,600,37361745,quote
AAPL,2025-01-10T19:59:56.142913Z,2025-01-10T19:59:52Z,,236.31,,700,,700,37362210,quote
AAPL,2025-01-10T19:59:56.152688Z,2025-01-10T19:59:53Z,,236.33,236.32,236.35,,,37364714,quote
AAPL,2025-01-10T19:59:56.154968Z,,,,1200,236.34,1200,,37364901,quote
AAPL,2025-01-10T19:59:59.029328Z,2025-01-10T19:59:55Z,,236.3201,1300,,1300,,37365020,quote
AAPL,2025-01-10T19:59:59.032104Z,2025-01-10T19:59:56Z,,236.33,236.33,236.35,100,,37366347,quote
AAPL,2025-01-10T19:59:59.034642Z,2025-01-10T19:59:57Z,,,,,,,37366763,quote
AAPL,2025-01-10T20:00:01.058924Z,2025-01-10T19:59:58Z,,236.3407,1600,,1600,,37367041,quote
AAPL,2025-01-10T20:00:01.062199Z,2025-01-10T19:59:59Z,,236.3599,236.35,236.36,100,,37368564,quote
AAPL,2025-01-10T20:00:04.029122Z,2025-01-10T20:00:00Z,,236.3,236.29,236.32,300,,37373817,quote
AAPL,2025-01-10T20:00:04.032154Z,2025-01-10T20:00:01Z,,236.305,236.3,100,100,100,37374291,quote
AAPL,2025-01-10T20:00:04.034438Z,,,,236.29,,400,,37374299,quote
AAPL,2025-01-10T20:00:08.122816Z,2025-01-10T20:00:03Z,,236.2984,,700,,700,37374579,quote
AAPL,2025-01-10T20:00:08.127188Z,,,,500,200,500,200,37374595,quote
AAPL,2025-01-10T20:00:08.129204Z,2025-01-10T20:00:05Z,,236.3199,300,236.31,300,100,37374993,quote
AAPL,2025-01-10T20:00:08.130912Z,,,,,700,,700,37375109,quote
AAPL,2025-01-10T20:00:10.029435Z,2025-01-10T20:00:07Z,,236.26,236.24,236.27,100,,37378054,quote
AAPL,2025-01-10T20:00:10.034555Z,2025-01-10T20:00:08Z,,236.28,236.27,236.3,200,100,37379419,quote
AAPL,2025-01-10T20:00:12.030529Z,2025-01-10T20:00:09Z,,236.29,236.26,236.28,,,37379827,quote
AAPL,2025-01-10T20:00:12.034690Z,,,236.26,,236.3,,700,37380102,quote
AAPL,2025-01-10T20:00:14.062795Z,2025-01-10T20:00:10Z,,,236.28,200,,200,37381372,quote
AAPL,2025-01-10T20:00:14.067549Z,2025-01-10T20:00:12Z,,236.32,236.31,236.33,300,700,37384459,quote
AAPL,2025-01-10T20:00:16.114922Z,2025-01-10T20:00:13Z,,236.2914,236.29,236.32,200,100,37385444,quote
AAPL,2025-01-10T20:00:16.118631Z,2025-01-10T20:00:14Z,,236.33,236.32,236.34,,700,37385948,quote
AAPL,2025-01-10T20:00:19.028896Z,2025-01-10T20:00:15Z,,102,,100,,100,37386193,quote
AAPL,2025-01-10T20:00:19.031596Z,2025-01-10T20:00:16Z,,236.345,236.33,236.36,100,700,37386679,quote
AAPL,2025-01-10T20:00:19.033774Z,2025-01-10T20:00:17Z,,,236.34,,,,37387525,quote
AAPL,2025-01-10T20:00:22.028630Z,2025-01-10T20:00:18Z,,236.358,200,,200,,37388106,quote
AAPL,2025-01-10T20:00:22.031680Z,2025-01-10T20:00:19Z,,236.36,300,,300,,37389881,quote
AAPL,2025-01-10T20:00:22.034152Z,,,,,,,,37390162,quote
AAPL,2025-01-10T20:00:25.028211Z,2025-01-10T20:00:21Z,,236.355,236.35,400,,400,37390685,quote
AAPL,2025-01-10T20:00:25.030348Z,2025-01-10T20:00:22Z,,236.3575,236.33,236.35,200,700,37397654,quote
AAPL,2025-01-10T20:00:25.031406Z,2025-01-10T20:00:23Z,,236.34,,200,,200,37399089,quote
AAPL,2025-01-10T20:00:28.029494Z,2025-01-10T20:00:24Z,,236.3334,,700,,700,37399597,quote
AAPL,2025-01-10T20:00:28.033782Z,2025-01-10T20:00:25Z,,236.34,,236.34,,,37402925,quote
AAPL,2025-01-10T20:00:28.036024Z,,,,,200,,200,37403036,quote
AAPL,2025-01-10T20:00:30.029807Z,2025-01-10T20:00:27Z,,236.29,236.28,236.3,,100,37404294,quote
AAPL,2025-01-10T20:00:30.036136Z,2025-01-10T20:00:28Z,,236.28,600,200,600,200,37405741,quote
AAPL,2025-01-10T20:00:32.029678Z,2025-01-10T20:00:29Z,,236.27,236.26,236.29,100,300,37406716,quote
AAPL,2025-01-10T20:00:32.034178Z,2025-01-10T20:00:30Z,,236.275,200,100,200,100,37406918,quote
AAPL,2025-01-10T20:00:35.155514Z,2025-01-10T20:00:31Z,,236.22,236.21,236.24,300,700,37409836,quote
AAPL,2025-01-10T20:00:35.157288Z,2025-01-10T20:00:32Z,,,236.2,200,1000,200,37410188,quote
AAPL,2025-01-10T20:00:35.158749Z,2025-01-10T20:00:33Z,,236.175,236.16,236.2,700,700,37411548,quote
AAPL,2025-01-10T20:00:37.107255Z,2025-01-10T20:00:34Z,,236.16,236.15,236.17,100,300,37414848,quote
AAPL,2025-01-10T20:00:37.110293Z,2025-01-10T20:00:35Z,,236.17,236.16,236.19,,200,37416836,quote
AAPL,2025-01-10T20:00:40.048492Z,2025-01-10T20:00:36Z,,236.1699,236.15,236.18,,300,37417199,quote
AAPL,2025-01-10T20:00:40.051618Z,,,,,200,,200,37417460,quote
AAPL,2025-01-10T20:00:40.052868Z,2025-01-10T20:00:38Z,,236.1745,,,,,37418138,quote
AAPL,2025-01-10T20:00:42.031634Z,2025-01-10T20:00:39Z,,236.14,236.14,236.16,200,100,37418722,quote
AAPL,2025-01-10T20:00:42.036350Z,2025-01-10T20:00:40Z,,236.17,236.15,236.17,100,,37420416,quote
AAPL,2025-01-10T20:00:44.066132Z,2025-01-10T20:00:41Z,,236.14,236.13,236.16,,200,37421041,quote
AAPL,2025-01-10T20:00:44.070539Z,2025-01-10T20:00:42Z,,236.15,236.16,236.18,200,100,37422793,quote
AAPL,2025-01-10T20:00:47.035339Z,2025-01-10T20:00:43Z,,236.18,236.14,200,700,200,37424208,quote
AAPL,2025-01-10T20:00:47.037381Z,2025-01-10T20:00:44Z,,,236.16,236.19,600,700,37425841,quote
AAPL,2025-01-10T20:00:47.038669Z,2025-01-10T20:00:45Z,,236.2299,236.18,236.23,700,,37429015,quote
AAPL,2025-01-10T20:00:49.038696Z,,,,236.19,236.22,200,,37429499,quote
AAPL,2025-01-10T20:00:49.042513Z,2025-01-10T20:00:47Z,,236.18,236.17,236.19,,200,37430873,quote
AAPL,2025-01-10T20:00:51.031784Z,2025-01-10T20:00:48Z,,236.16,236.12,236.15,100,,37431480,quote
AAPL,2025-01-10T20:00:51.035634Z,2025-01-10T20:00:49Z,,236.14,236.11,236.14,700,300,37431947,quote
AAPL,2025-01-10T20:00:54.100576Z,2025-01-10T20:00:50Z,,236.125,236.1,,,,37432798,quote
AAPL,2025-01-10T20:00:54.103869Z,,,,,,,,37433027,quote
AAPL,2025-01-10T20:00:54.104986Z,2025-01-10T20:00:52Z,,236.14,236.15,236.19,,700,37433748,quote
AAPL,2025-01-10T20:00:57.028892Z,2025-01-10T20:00:53Z,,236.09,236.08,236.12,,,37436283,quote
AAPL,2025-01-10T20:00:57.031184Z,2025-01-10T20:00:54Z,,236.135,100,236.11,100,,37438949,quote
AAPL,2025-01-10T20:00:57.033330Z,2025-01-10T20:00:55Z,,236.08,236.07,236.1,,100,37441131,quote
AAPL,2025-01-10T20:00:59.030283Z,2025-01-10T20:00:56Z,,236.0817,700,200,700,200,37442283,quote
AAPL,2025-01-10T20:00:59.031730Z,2025-01-10T20:00:57Z,,236.09,236.08,236.11,100,,37442708,quote
AAPL,2025-01-10T20:01:01.063468Z,2025-01-10T20:00:58Z,,236.085,236.07,236.1,700,100,37443595,quote
AAPL,2025-01-10T20:01:01.066714Z,2025-01-10T20:00:59Z,,236.15,236.14,236.16,100,200,37444635,quote
AAPL,2025-01-10T20:01:02.028427Z,2025-01-10T20:01:00Z,,236.13,236.11,236.15,700,700,37445589,quote
AAPL,2025-01-10T20:01:05.030895Z,2025-01-10T20:01:01Z,,236.15,236.14,236.16,300,100,37446434,quote
AAPL,2025-01-10T20:01:05.034102Z,2025-01-10T20:01:02Z,,236.16,400,236.18,400,700,37446770,quote
AAPL,2025-01-10T20:01:05.035684Z,2025-01-10T20:01:03Z,,236.149,300,236.15,300,100,37453188,quote
AAPL,2025-01-10T20:01:07.105439Z,2025-01-10T20:01:04Z,,236.1578,,236.16,,,37454323,quote
AAPL,2025-01-10T20:01:07.107804Z,2025-01-10T20:01:05Z,,236.14,,200,,200,37455191,quote
AAPL,2025-01-10T20:01:10.031323Z,2025-01-10T20:01:06Z,,236.145,200,700,200,700,37462350,quote
AAPL,2025-01-10T20:01:10.036540Z,2025-01-10T20:01:07Z,,236.14,400,,400,,37467196,quote
AAPL,2025-01-10T20:01:10.038219Z,2025-01-10T20:01:08Z,,,300,236.17,300,,37469082,quote
AAPL,2025-01-10T20:01:13.028438Z,2025-01-10T20:01:09Z,,,,236.15,,300,37476036,quote
AAPL,2025-01-10T20:01:13.033162Z,2025-01-10T20:01:10Z,,236.15,,236.17,,700,37476844,quote
AAPL,2025-01-10T20:01:13.036297Z,2025-01-10T20:01:11Z,,,200,236.15,200,100,37480094,quote
AAPL,2025-01-10T20:01:15.093016Z,2025-01-10T20:01:12Z,,236.14,236.1,236.14,300,700,37484573,quote
AAPL,2025-01-10T20:01:15.096432Z,2025-01-10T20:01:13Z,,236.13,700,100,700,100,37484921,quote
AAPL,2025-01-10T20:01:17.029991Z,2025-01-10T20:01:14Z,,236.14,236.14,236.17,100,700,37485264,quote
AAPL,2025-01-10T20:01:17.033567Z,2025-01-10T20:01:15Z,,236.15,236.13,236.15,500,100,37486022,quote
AAPL,2025-01-10T20:01:19.086676Z,2025-01-10T20:01:16Z,,236.06,236.06,236.09,700,200,37492716,quote
AAPL,2025-01-10T20:01:19.090297Z,2025-01-10T20:01:17Z,,236.08,236.09,236.13,200,700,37494476,quote
AAPL,2025-01-10T20:01:21.034963Z,2025-01-10T20:01:18Z,,236.102,236.08,236.12,700,100,37494744,quote
AAPL,2025-01-10T20:01:21.039055Z,2025-01-10T20:01:19Z,,236.11,236.11,236.17,,700,37495489,quote
AAPL,2025-01-10T20:01:24.030574Z,2025-01-10T20:01:20Z,,236.14,236.14,236.16,100,300,37495759,quote
AAPL,2025-01-10T20:01:24.033022Z,,,,236.13,200,,200,37495863,quote
AAPL,2025-01-10T20:01:24.035278Z,2025-01-10T20:01:22Z,,,236.14,700,,700,37496121,quote
AAPL,2025-01-10T20:01:27.030130Z,2025-01-10T20:01:23Z,,,236.12,236.14,200,,37496679,quote
AAPL,2025-01-10T20:01:27.033201Z,2025-01-10T20:01:24Z,,236.12,,300,,300,37497518,quote
AAPL,2025-01-10T20:01:27.035713Z,2025-01-10T20:01:25Z,,236.1,236.08,236.12,100,700,37499193,quote
AAPL,2025-01-10T20:01:29.122424Z,2025-01-10T20:01:26Z,,236.12,236.1,236.13,200,,37510885,quote
AAPL,2025-01-10T20:01:29.125820Z,2025-01-10T20:01:27Z,,236.04,,236.14,,,37512160,quote
AAPL,2025-01-10T20:01:32.030799Z,2025-01-10T20:01:28Z,,236.1399,,,,,37512348,quote
AAPL,2025-01-10T20:01:32.035559Z,,,,300,100,300,100,37512492,quote
AAPL,2025-01-10T20:01:32.038048Z,2025-01-10T20:01:30Z,,236.11,236.11,236.13,100,,37513541,quote
AAPL,2025-01-10T20:01:34.031018Z,2025-01-10T20:01:31Z,,236.12,236.12,,,,37515521,quote
AAPL,2025-01-10T20:01:34.034838Z,2025-01-10T20:01:32Z,,,236.07,236.1,700,,37519420,quote
AAPL,2025-01-10T20:01:39.157170Z,2025-01-10T20:01:33Z,,236.085,236.09,,200,,37519644,quote
AAPL,2025-01-10T20:01:39.161379Z,2025-01-10T20:01:34Z,,236.09,236.07,700,100,700,37521702,quote
AAPL,2025-01-10T20:01:39.163867Z,,,,,,,,37522642,quote
AAPL,2025-01-10T20:01:39.165786Z,,,,,200,,200,37522650,quote
AAPL,2025-01-10T20:01:39.167378Z,,,,300,100,300,100,37522671,quote
AAPL,2025-01-10T20:01:41.102537Z,2025-01-10T20:01:38Z,,236.11,236.11,236.12,100,,37523271,quote
AAPL,2025-01-10T20:01:41.105525Z,2025-01-10T20:01:39Z,,236.12,236.12,236.14,200,200,37524724,quote
AAPL,2025-01-10T20:01:43.151191Z,2025-01-10T20:01:40Z,,236.0906,236.09,236.13,,700,37528194,quote
AAPL,2025-01-10T20:01:43.154803Z,2025-01-10T20:01:41Z,,236.0901,100,236.11,100,,37533105,quote
AAPL,2025-01-10T20:01:45.096283Z,2025-01-10T20:01:42Z,,236.08,236.07,236.1,800,200,37541538,quote
AAPL,2025-01-10T20:01:45.098549Z,2025-01-10T20:01:43Z,,236.0768,236.06,,700,,37543600,quote
AAPL,2025-01-10T20:01:48.030268Z,2025-01-10T20:01:44Z,,236.093,,,,,37547002,quote
AAPL,2025-01-10T20:01:48.034821Z,2025-01-10T20:01:45Z,,236.0784,236.07,,300,,37547847,quote
AAPL,2025-01-10T20:01:48.038333Z,,,,100,300,100,300,37548025,quote
AAPL,2025-01-10T20:01:51.137353Z,2025-01-10T20:01:47Z,,236.125,236.11,236.14,,700,37549675,quote
AAPL,2025-01-10T20:01:51.139371Z,2025-01-10T20:01:48Z,,236.1239,,300,,300,37550258,quote
AAPL,2025-01-10T20:01:51.140585Z,2025-01-10T20:01:49Z,,236.125,800,200,800,200,37550374,quote
AAPL,2025-01-10T20:01:54.031992Z,,,,236.13,236.16,200,,37550701,quote
AAPL,2025-01-10T20:01:54.035509Z,,,,600,,600,,37550816,quote
AAPL,2025-01-10T20:01:54.037631Z,2025-01-10T20:01:52Z,,236.145,500,,500,,37551587,quote
AAPL,2025-01-10T20:01:57.078093Z,2025-01-10T20:01:53Z,,236.1301,400,700,400,700,37553399,quote
AAPL,2025-01-10T20:01:57.081540Z,,,,,,,,37553472,quote
AAPL,2025-01-10T20:01:57.084642Z,2025-01-10T20:01:55Z,,236.1115,236.11,236.14,700,,37555603,quote
AAPL,2025-01-10T20:02:00.033925Z,2025-01-10T20:01:56Z,,236.13,1300,236.15,1300,,37556025,quote
AAPL,2025-01-10T20:02:00.036991Z,2025-01-10T20:01:57Z,,236.11,600,236.14,600,,37556995,quote
AAPL,2025-01-10T20:02:00.038846Z,,,,236.08,236.12,300,,37557746,quote
AAPL,2025-01-10T20:02:02.033735Z,2025-01-10T20:01:59Z,,236.08,236.09,300,700,300,37558099,quote
AAPL,2025-01-10T20:02:02.037109Z,2025-01-10T20:02:00Z,,2000,236.08,700,200,700,37563569,quote
AAPL,2025-01-10T20:02:04.033840Z,2025-01-10T20:02:01Z,,,100,400,100,400,37563965,quote
AAPL,2025-01-10T20:02:04.036911Z,2025-01-10T20:02:02Z,,236.1,236.06,236.11,700,700,37564107,quote
AAPL,2025-01-10T20:02:07.033818Z,2025-01-10T20:02:03Z,,236.06,236.04,236.07,200,100,37565035,quote
AAPL,2025-01-10T20:02:07.037690Z,2025-01-10T20:02:04Z,,236.05,700,200,700,200,37567046,quote
AAPL,2025-01-10T20:02:07.040566Z,2025-01-10T20:02:05Z,,236.045,236.03,236.06,400,100,37567218,quote
AAPL,2025-01-10T20:02:08.140170Z,2025-01-10T20:02:06Z,,236.01,236,236.03,900,700,37571550,quote
AAPL,2025-01-10T20:02:11.104916Z,2025-01-10T20:02:07Z,,236.03,236.01,236.02,100,200,37571744,quote
AAPL,2025-01-10T20:02:11.108794Z,2025-01-10T20:02:08Z,,236.01,,236.03,,,37572206,quote
AAPL,2025-01-10T20:02:11.110696Z,2025-01-10T20:02:09Z,,236.0248,400,,400,,37573068,quote
AAPL,2025-01-10T20:02:13.033562Z,2025-01-10T20:02:10Z,,236.02,200,,200,,37573717,quote
AAPL,2025-01-10T20:02:13.035968Z,2025-01-10T20:02:11Z,,236.0367,100,236.04,100,700,37576236,quote
AAPL,2025-01-10T20:02:17.033469Z,2025-01-10T20:02:12Z,,236.025,,236.03,,400,37576640,quote
AAPL,2025-01-10T20:02:17.036780Z,,,,,500,,500,37576882,quote
AAPL,2025-01-10T20:02:17.038772Z,2025-01-10T20:02:14Z,,236.0144,400,,400,,37577019,quote
AAPL,2025-01-10T20:02:17.041177Z,2025-01-10T20:02:15Z,,236.01,,600,,600,37577736,quote
AAPL,2025-01-10T20:02:20.032853Z,,,,,,,,37578020,quote
AAPL,2025-01-10T20:02:20.035080Z,2025-01-10T20:02:17Z,,,236,,500,,37579970,quote
AAPL,2025-01-10T20:02:20.036490Z,,,,,,,,37579980,quote
AAPL,2025-01-10T20:02:23.087492Z,2025-01-10T20:02:19Z,,235.965,235.95,235.98,100,100,37583324,quote
AAPL,2025-01-10T20:02:23.090428Z,,,,700,,700,,37583466,quote
AAPL,2025-01-10T20:02:23.091611Z,2025-01-10T20:02:20Z,,235.9799,,200,,200,37583606,quote
AAPL,2025-01-10T20:02:25.033657Z,2025-01-10T20:02:22Z,,235.99,235.96,235.99,,,37587657,quote
AAPL,2025-01-10T20:02:25.035641Z,2025-01-10T20:02:23Z,,235.9799,235.95,235.98,,300,37596765,quote
AAPL,2025-01-10T20:02:28.032939Z,2025-01-10T20:02:24Z,,235.9501,300,235.97,300,,37600490,quote
AAPL,2025-01-10T20:02:28.035846Z,2025-01-10T20:02:25Z,,235.95,,235.96,,200,37601066,quote
AAPL,2025-01-10T20:02:28.037916Z,2025-01-10T20:02:26Z,,235.97,,235.97,,,37602525,quote
AAPL,2025-01-10T20:02:30.035995Z,2025-01-10T20:02:27Z,,235.95,,,,,37603164,quote
AAPL,2025-01-10T20:02:30.043364Z,2025-01-10T20:02:28Z,,235.97,,,,,37603724,quote
AAPL,2025-01-10T20:02:32.033529Z,2025-01-10T20:02:29Z,,235.925,235.91,235.94,700,100,37605621,quote
AAPL,2025-01-10T20:02:32.036087Z,2025-01-10T20:02:30Z,,235.948,235.93,,100,,37606402,quote
AAPL,2025-01-10T20:02:35.034023Z,2025-01-10T20:02:31Z,,235.97,235.95,235.97,,200,37609622,quote
AAPL,2025-01-10T20:02:35.037525Z,2025-01-10T20:02:32Z,,235.96,700,,700,,37611329,quote
AAPL,2025-01-10T20:02:35.040216Z,2025-01-10T20:02:33Z,,235.95,,235.96,,300,37611643,quote
AAPL,2025-01-10T20:02:38.140202Z,2025-01-10T20:02:34Z,,,235.93,200,,200,37613480,quote
AAPL,2025-01-10T20:02:38.143964Z,2025-01-10T20:02:35Z,,235.9519,235.92,235.95,,100,37614059,quote
AAPL,2025-01-10T20:02:38.146176Z,2025-01-10T20:02:36Z,,235.95,,,,,37616738,quote
AAPL,2025-01-10T20:02:40.089952Z,2025-01-10T20:02:37Z,,235.94,235.91,235.94,100,200,37618499,quote
AAPL,2025-01-10T20:02:40.093608Z,2025-01-10T20:02:38Z,,235.93,235.9,700,700,700,37618974,quote
AAPL,2025-01-10T20:02:42.029992Z,2025-01-10T20:02:39Z,,235.92,,400,,400,37620058,quote
AAPL,2025-01-10T20:02:42.033547Z,2025-01-10T20:02:40Z,,235.96,235.92,235.96,200,700,37622548,quote
AAPL,2025-01-10T20:02:44.029397Z,2025-01-10T20:02:41Z,,235.95,235.94,235.97,700,100,37624448,quote
AAPL,2025-01-10T20:02:44.032018Z,2025-01-10T20:02:42Z,,235.97,235.96,235.99,200,200,37624853,quote
AAPL,2025-01-10T20:02:46.031237Z,2025-01-10T20:02:43Z,,235.9938,235.97,236,100,300,37625695,quote
AAPL,2025-01-10T20:02:46.036357Z,2025-01-10T20:02:44Z,,235.99,300,200,300,200,37626503,quote
AAPL,2025-01-10T20:02:48.030685Z,2025-01-10T20:02:45Z,,236,235.99,236.01,100,,37627365,quote
AAPL,2025-01-10T20:02:48.034890Z,2025-01-10T20:02:46Z,,236.006,235.98,,700,,37627701,quote
AAPL,2025-01-10T20:02:51.031318Z,2025-01-10T20:02:47Z,,235.985,235.97,236,300,300,37628155,quote
AAPL,2025-01-10T20:02:51.036442Z,2025-01-10T20:02:48Z,,235.99,700,200,700,200,37629344,quote
AAPL,2025-01-10T20:02:51.039349Z,2025-01-10T20:02:49Z,,236,235.98,100,100,100,37630006,quote
AAPL,2025-01-10T20:02:53.033183Z,2025-01-10T20:02:50Z,,235.97,235.96,235.98,700,,37631669,quote
AAPL,2025-01-10T20:02:53.034801Z,2025-01-10T20:02:51Z,,235.99,235.97,236,300,300,37632243,quote
AAPL,2025-01-10T20:02:55.032637Z,2025-01-10T20:02:52Z,,236.0023,235.99,236.02,400,100,37633565,quote
AAPL,2025-01-10T20:02:55.039481Z,2025-01-10T20:02:53Z,,236.0199,700,200,700,200,37633845,quote
AAPL,2025-01-10T20:02:59.030350Z,2025-01-10T20:02:54Z,,236.03,236.01,236.05,300,700,37636400,quote
AAPL,2025-01-10T20:02:59.033567Z,2025-01-10T20:02:55Z,,,,,,,37637252,quote
AAPL,2025-01-10T20:02:59.036198Z,2025-01-10T20:02:56Z,,180,,,,,37637491,quote
AAPL,2025-01-10T20:02:59.037848Z,,,,236.02,200,100,200,37637620,quote
AAPL,2025-01-10T20:03:03.125496Z,,,,400,100,400,100,37637754,quote
AAPL,2025-01-10T20:03:03.126732Z,,,,,,,,37637761,quote
AAPL,2025-01-10T20:03:03.127592Z,2025-01-10T20:03:00Z,,236.0284,,300,,300,37638051,quote
AAPL,2025-01-10T20:03:03.128472Z,,,236.035,,700,,700,37638376,quote
AAPL,2025-01-10T20:03:05.071271Z,2025-01-10T20:03:02Z,,236.05,236.04,236.08,300,,37639075,quote
AAPL,2025-01-10T20:03:05.074307Z,2025-01-10T20:03:03Z,,236.08,236.05,236.09,,,37640899,quote
AAPL,2025-01-10T20:03:08.029671Z,,,236.0819,,,,,37641196,quote
AAPL,2025-01-10T20:03:08.030866Z,2025-01-10T20:03:05Z,,236.06,100,236.08,100,,37641665,quote
AAPL,2025-01-10T20:03:08.031748Z,2025-01-10T20:03:06Z,,236.0816,236.06,236.09,,400,37642732,quote
AAPL,2025-01-10T20:03:09.064776Z,2025-01-10T20:03:07Z,,236.1364,236.11,236.14,1400,700,37648502,quote
AAPL,2025-01-10T20:03:13.058478Z,2025-01-10T20:03:08Z,,236.09,236.08,236.1,100,,37652247,quote
AAPL,2025-01-10T20:03:13.062045Z,2025-01-10T20:03:09Z,,,,,,,37653241,quote
AAPL,2025-01-10T20:03:13.064480Z,,,,,200,,200,37653347,quote
AAPL,2025-01-10T20:03:13.066208Z,2025-01-10T20:03:11Z,,236.095658,236.11,236.14,300,,37656966,quote
AAPL,2025-01-10T20:03:15.107650Z,2025-01-10T20:03:12Z,,236.1213,100,700,100,700,37658414,quote
AAPL,2025-01-10T20:03:15.110552Z,2025-01-10T20:03:13Z,,236.125,,200,,200,37658943,quote
AAPL,2025-01-10T20:03:17.030500Z,2025-01-10T20:03:14Z,,236.1308,400,236.15,400,700,37660334,quote
AAPL,2025-01-10T20:03:17.033863Z,2025-01-10T20:03:15Z,,236.14,236.13,100,200,100,37660829,quote
AAPL,2025-01-10T20:03:20.032782Z,2025-01-10T20:03:16Z,,236.13,236.11,700,1900,700,37662246,quote
AAPL,2025-01-10T20:03:20.038425Z,,,236.15,,236.13,,,37662587,quote
AAPL,2025-01-10T20:03:20.040755Z,,,,2000,,2000,,37662634,quote
AAPL,2025-01-10T20:03:23.031993Z,2025-01-10T20:03:19Z,,236.05,236.05,236.07,100,,37666280,quote
AAPL,2025-01-10T20:03:23.036094Z,2025-01-10T20:03:20Z,,236.075,200,236.09,200,,37667067,quote
AAPL,2025-01-10T20:03:23.038715Z,2025-01-10T20:03:21Z,,236.07,,236.08,,200,37667623,quote
AAPL,2025-01-10T20:03:25.031810Z,2025-01-10T20:03:22Z,,236.0839,236.06,236.09,100,,37667857,quote
AAPL,2025-01-10T20:03:25.034772Z,2025-01-10T20:03:23Z,,236.09,236.08,236.12,300,700,37668472,quote
AAPL,2025-01-10T20:03:27.032781Z,2025-01-10T20:03:24Z,,236.0851,200,236.11,200,,37668795,quote
AAPL,2025-01-10T20:03:27.037861Z,2025-01-10T20:03:25Z,,236.1,236.1,236.13,100,,37670406,quote
AAPL,2025-01-10T20:03:29.036292Z,2025-01-10T20:03:26Z,,100,,236.12,,,37671420,quote
AAPL,2025-01-10T20:03:29.040295Z,2025-01-10T20:03:27Z,,,236.09,236.11,,,37671669,quote
AAPL,2025-01-10T20:03:32.110664Z,2025-01-10T20:03:28Z,,236.025,236.01,236.05,700,200,37676909,quote
AAPL,2025-01-10T20:03:32.114416Z,2025-01-10T20:03:29Z,,236.049,236.02,100,,100,37677080,quote
AAPL,2025-01-10T20:03:32.116018Z,,,,100,300,100,300,37677172,quote
AAPL,2025-01-10T20:03:36.029971Z,2025-01-10T20:03:31Z,,236.05,236.03,236.07,,700,37678630,quote
AAPL,2025-01-10T20:03:36.033449Z,2025-01-10T20:03:32Z,,236.0464,236.02,236.06,600,200,37678992,quote
AAPL,2025-01-10T20:03:36.036312Z,,,,236.03,236.07,100,700,37679115,quote
AAPL,2025-01-10T20:03:36.038082Z,,,,236.02,236.06,600,,37679223,quote
AAPL,2025-01-10T20:03:38.031863Z,2025-01-10T20:03:35Z,,236.07,236.07,236.1,100,,37680368,quote
AAPL,2025-01-10T20:03:38.035529Z,2025-01-10T20:03:36Z,,236.081,1200,,1200,,37680858,quote
AAPL,2025-01-10T20:03:40.032768Z,2025-01-10T20:03:37Z,,236.085,,600,,600,37681059,quote
AAPL,2025-01-10T20:03:40.038459Z,2025-01-10T20:03:38Z,,236.0722,,,,,37681294,quote
AAPL,2025-01-10T20:03:42.033045Z,2025-01-10T20:03:39Z,,236.04,236.03,236.07,700,700,37686288,quote
AAPL,2025-01-10T20:03:42.037184Z,2025-01-10T20:03:40Z,,236.02,236,236.04,500,,37687401,quote
AAPL,2025-01-10T20:03:45.110957Z,2025-01-10T20:03:41Z,,235.9901,235.97,236,700,200,37694422,quote
AAPL,2025-01-10T20:03:45.116656Z,2025-01-10T20:03:42Z,,236.0199,,236.02,,700,37694854,quote
AAPL,2025-01-10T20:03:45.120107Z,,,,235.98,,200,,37694924,quote
AAPL,2025-01-10T20:03:48.084634Z,2025-01-10T20:03:44Z,,236.02,236.02,236.05,100,800,37695782,quote
AAPL,2025-01-10T20:03:48.087952Z,,,,235.99,236.04,200,700,37699021,quote
AAPL,2025-01-10T20:03:48.089599Z,2025-01-10T20:03:46Z,,235.99,700,,700,,37699175,quote
AAPL,2025-01-10T20:03:50.032152Z,2025-01-10T20:03:47Z,,236.02,,,,,37700229,quote
AAPL,2025-01-10T20:03:50.038156Z,2025-01-10T20:03:48Z,,235.98,235.95,236,,,37702990,quote
AAPL,2025-01-10T20:03:53.096923Z,2025-01-10T20:03:49Z,,235.95,235.94,235.98,,200,37703761,quote
AAPL,2025-01-10T20:03:53.098625Z,2025-01-10T20:03:50Z,,235.96,,400,,400,37704311,quote
AAPL,2025-01-10T20:03:53.100613Z,2025-01-10T20:03:51Z,,,,,,,37704427,quote
AAPL,2025-01-10T20:03:55.030108Z,2025-01-10T20:03:52Z,,,235.93,235.96,,200,37705757,quote
AAPL,2025-01-10T20:03:55.032603Z,2025-01-10T20:03:53Z,,235.961,235.95,235.97,,100,37708254,quote
AAPL,2025-01-10T20:03:58.115362Z,2025-01-10T20:03:54Z,,235.99,235.97,235.99,400,,37709251,quote
AAPL,2025-01-10T20:03:58.120767Z,2025-01-10T20:03:55Z,,235.9901,235.99,236.01,100,,37710024,quote
AAPL,2025-01-10T20:03:58.124148Z,2025-01-10T20:03:56Z,,236,,,,,37710125,quote
AAPL,2025-01-10T20:04:00.060590Z,2025-01-10T20:03:57Z,,235.98,235.98,236,,700,37711633,quote
AAPL,2025-01-10T20:04:00.069093Z,2025-01-10T20:03:58Z,,235.9843,235.94,235.99,700,200,37713481,quote
AAPL,2025-01-10T20:04:03.031624Z,2025-01-10T20:03:59Z,,235.97,235.95,300,,300,37714103,quote
AAPL,2025-01-10T20:04:03.033469Z,2025-01-10T20:04:00Z,,235.9836,,200,,200,37714669,quote
AAPL,2025-01-10T20:04:03.034670Z,,,,,235.98,,100,37714794,quote
AAPL,2025-01-10T20:04:08.030489Z,2025-01-10T20:04:02Z,,235.975,,236,,200,37715573,quote
AAPL,2025-01-10T20:04:08.033266Z,2025-01-10T20:04:03Z,,235.98,235.96,,,,37715925,quote
AAPL,2025-01-10T20:04:08.035579Z,,,,,,,,37716009,quote
AAPL,2025-01-10T20:04:08.037161Z,2025-01-10T20:04:04Z,,,,300,,300,37716235,quote
AAPL,2025-01-10T20:04:08.039199Z,,,,1100,,1100,,37716274,quote
AAPL,2025-01-10T20:04:10.029805Z,2025-01-10T20:04:07Z,,235.99,235.97,235.99,200,200,37716694,quote
AAPL,2025-01-10T20:04:10.031773Z,2025-01-10T20:04:08Z,,235.9784,,,,,37716936,quote
AAPL,2025-01-10T20:04:14.031620Z,,,,400,,400,,37716949,quote
AAPL,2025-01-10T20:04:14.035058Z,2025-01-10T20:04:10Z,,235.971,,236,,700,37719825,quote
AAPL,2025-01-10T20:04:14.038034Z,2025-01-10T20:04:11Z,,235.985,,,,,37720133,quote
AAPL,2025-01-10T20:04:14.039723Z,,,,,235.99,,400,37720421,quote
AAPL,2025-01-10T20:04:17.060456Z,2025-01-10T20:04:13Z,,235.98,,200,,200,37721495,quote
AAPL,2025-01-10T20:04:17.063917Z,2025-01-10T20:04:14Z,,235.99,700,100,700,100,37721789,quote
AAPL,2025-01-10T20:04:17.065831Z,2025-01-10T20:04:15Z,,,500,,500,,37722432,quote
AAPL,2025-01-10T20:04:19.032695Z,2025-01-10T20:04:16Z,,,235.98,236,400,500,37722852,quote
AAPL,2025-01-10T20:04:19.036564Z,2025-01-10T20:04:17Z,,235.97,235.97,235.99,700,700,37723476,quote
AAPL,2025-01-10T20:04:21.031090Z,2025-01-10T20:04:18Z,,235.9845,,,,,37723648,quote
AAPL,2025-01-10T20:04:21.035149Z,2025-01-10T20:04:19Z,,235.98,235.96,235.97,500,100,37726028,quote
AAPL,2025-01-10T20:04:24.030404Z,2025-01-10T20:04:20Z,,235.97,,235.98,,,37726669,quote
AAPL,2025-01-10T20:04:24.032685Z,2025-01-10T20:04:21Z,,,,,,,37728129,quote
AAPL,2025-01-10T20:04:24.034724Z,2025-01-10T20:04:22Z,,235.96,,700,,700,37728586,quote
AAPL,2025-01-10T20:04:27.031681Z,2025-01-10T20:04:23Z,,235.95,235.95,235.97,200,,37732556,quote
AAPL,2025-01-10T20:04:27.035664Z,2025-01-10T20:04:24Z,,235.951,100,200,100,200,37733278,quote
AAPL,2025-01-10T20:04:27.038565Z,,,,,700,,700,37733464,quote
AAPL,2025-01-10T20:04:30.064888Z,2025-01-10T20:04:26Z,,235.95,235.94,235.96,400,200,37734930,quote
AAPL,2025-01-10T20:04:30.066795Z,2025-01-10T20:04:27Z,,235.9442,,,,,37735803,quote
AAPL,2025-01-10T20:04:30.069169Z,2025-01-10T20:04:28Z,,235.955,700,235.97,700,300,37736749,quote
AAPL,2025-01-10T20:04:33.031594Z,2025-01-10T20:04:29Z,,235.9623,235.95,200,100,200,37737434,quote
AAPL,2025-01-10T20:04:33.035647Z,,,235.9664,235.94,300,900,300,37738784,quote
AAPL,2025-01-10T20:04:33.038006Z,,,,700,235.96,700,200,37738834,quote
AAPL,2025-01-10T20:04:36.031060Z,2025-01-10T20:04:32Z,,235.955,900,235.97,900,,37739852,quote
AAPL,2025-01-10T20:04:36.033900Z,2025-01-10T20:04:33Z,,235.96,235.95,,100,,37740661,quote
AAPL,2025-01-10T20:04:36.036087Z,,,,500,,500,,37741113,quote
AAPL,2025-01-10T20:04:39.030278Z,2025-01-10T20:04:35Z,,235.9501,400,,400,,37741471,quote
AAPL,2025-01-10T20:04:39.032755Z,2025-01-10T20:04:36Z,,235.965,,235.98,,700,37742509,quote
AAPL,2025-01-10T20:04:39.034998Z,2025-01-10T20:04:37Z,,,900,200,900,200,37742745,quote
AAPL,2025-01-10T20:04:42.030541Z,2025-01-10T20:04:38Z,,235.9635,,,,,37742907,quote
AAPL,2025-01-10T20:04:42.032303Z,,,,,700,,700,37743238,quote
AAPL,2025-01-10T20:04:42.033206Z,2025-01-10T20:04:40Z,,235.9797,,,,,37743544,quote
AAPL,2025-01-10T20:04:45.053782Z,2025-01-10T20:04:41Z,,235.965,,,,,37744932,quote
AAPL,2025-01-10T20:04:45.055341Z,2025-01-10T20:04:42Z,,235.9799,,400,,400,37745359,quote
AAPL,2025-01-10T20:04:45.056236Z,2025-01-10T20:04:43Z,,235.98,235.97,235.99,100,200,37746778,quote
AAPL,2025-01-10T20:04:47.032079Z,2025-01-10T20:04:44Z,,236,,236,,600,37748020,quote
AAPL,2025-01-10T20:04:47.038139Z,,,,235.96,235.99,300,100,37748178,quote
AAPL,2025-01-10T20:04:50.049090Z,2025-01-10T20:04:46Z,,235.975,,,,,37749131,quote
AAPL,2025-01-10T20:04:50.054292Z,2025-01-10T20:04:47Z,,235.984,200,700,200,700,37749266,quote
AAPL,2025-01-10T20:04:50.056654Z,2025-01-10T20:04:48Z,,235.9668,,,,,37749413,quote
AAPL,2025-01-10T20:04:53.104932Z,2025-01-10T20:04:49Z,,235.96,500,235.97,500,100,37751294,quote
AAPL,2025-01-10T20:04:53.107957Z,2025-01-10T20:04:50Z,,235.965,,,,,37752139,quote
AAPL,2025-01-10T20:04:53.109212Z,2025-01-10T20:04:51Z,,120,600,400,600,400,37752458,quote
AAPL,2025-01-10T20:04:55.140527Z,2025-01-10T20:04:52Z,,235.94,235.94,235.95,200,200,37755484,quote
AAPL,2025-01-10T20:04:55.143791Z,2025-01-10T20:04:53Z,,235.93,235.93,,,,37755662,quote
AAPL,2025-01-10T20:04:57.035884Z,2025-01-10T20:04:54Z,,235.939,600,235.94,600,400,37757523,quote
AAPL,2025-01-10T20:04:57.039974Z,2025-01-10T20:04:55Z,,235.95,235.94,235.96,300,700,37762351,quote
AAPL,2025-01-10T20:05:00.034587Z,2025-01-10T20:04:56Z,,235.945,235.93,200,900,200,37762554,quote
AAPL,2025-01-10T20:05:00.038061Z,2025-01-10T20:04:57Z,,,,,,,37762739,quote
AAPL,2025-01-10T20:05:00.039741Z,2025-01-10T20:04:58Z,,235.94,,400,,400,37762971,quote
AAPL,2025-01-10T20:05:03.036319Z,2025-01-10T20:04:59Z,,235.96,235.95,235.99,100,700,37764596,quote
AAPL,2025-01-10T20:05:03.039335Z,,,,235.94,235.98,,,37764687,quote
AAPL,2025-01-10T20:05:03.041072Z,2025-01-10T20:05:01Z,,235.94,200,235.97,200,,37764981,quote
AAPL,2025-01-10T20:05:05.086716Z,2025-01-10T20:05:02Z,,235.96,235.93,235.96,800,,37765508,quote
AAPL,2025-01-10T20:05:05.091383Z,2025-01-10T20:05:03Z,,235.95,,235.94,,100,37766587,quote
AAPL,2025-01-10T20:05:07.035202Z,2025-01-10T20:05:04Z,,235.93,,235.95,,700,37767106,quote
AAPL,2025-01-10T20:05:07.037152Z,2025-01-10T20:05:05Z,,235.94,,,,,37768323,quote
AAPL,2025-01-10T20:05:10.035408Z,2025-01-10T20:05:06Z,,235.9488,235.94,200,100,200,37770911,quote
AAPL,2025-01-10T20:05:10.039154Z,2025-01-10T20:05:07Z,,235.9375,235.93,400,400,400,37771724,quote
AAPL,2025-01-10T20:05:10.040603Z,,,,,,,,37771754,quote
AAPL,2025-01-10T20:05:12.036517Z,2025-01-10T20:05:09Z,,235.93,500,235.94,500,700,37773422,quote
AAPL,2025-01-10T20:05:12.039709Z,2025-01-10T20:05:10Z,,235.9644,235.95,235.97,100,100,37777422,quote
AAPL,2025-01-10T20:05:15.035904Z,2025-01-10T20:05:11Z,,235.955,235.94,700,700,700,37778786,quote
AAPL,2025-01-10T20:05:15.038845Z,2025-01-10T20:05:12Z,,235.98,235.97,235.99,200,300,37780009,quote
AAPL,2025-01-10T20:05:15.040443Z,,,,,,,,37780065,quote
AAPL,2025-01-10T20:05:17.034819Z,2025-01-10T20:05:14Z,,236,236,236.02,100,100,37783138,quote
AAPL,2025-01-10T20:05:17.038088Z,2025-01-10T20:05:15Z,,236.02,700,236.03,700,,37786451,quote
AAPL,2025-01-10T20:05:20.036127Z,2025-01-10T20:05:16Z,,236.03,236.02,236.04,100,700,37787119,quote
AAPL,2025-01-10T20:05:20.037914Z,2025-01-10T20:05:17Z,,,,300,,300,37787449,quote
AAPL,2025-01-10T20:05:20.038933Z,2025-01-10T20:05:18Z,,236.0599,236.03,236.06,200,100,37790128,quote
AAPL,2025-01-10T20:05:22.034835Z,2025-01-10T20:05:19Z,,236.0699,236.06,236.09,100,200,37793199,quote
AAPL,2025-01-10T20:05:22.037592Z,2025-01-10T20:05:20Z,,236.08,200,236.08,200,100,37795101,quote
AAPL,2025-01-10T20:05:24.035488Z,2025-01-10T20:05:21Z,,236.075,,236.09,,,37795831,quote
AAPL,2025-01-10T20:05:24.040046Z,2025-01-10T20:05:22Z,,236.08,236.07,200,100,200,37796279,quote
AAPL,2025-01-10T20:05:27.036605Z,2025-01-10T20:05:23Z,,236.11,236.09,236.11,,100,37799990,quote
AAPL,2025-01-10T20:05:27.041205Z,2025-01-10T20:05:24Z,,,200,700,200,700,37800699,quote
AAPL,2025-01-10T20:05:27.046755Z,2025-01-10T20:05:25Z,,236.0974,,,,,37801101,quote
AAPL,2025-01-10T20:05:29.034665Z,2025-01-10T20:05:26Z,,236.11,236.1,236.12,300,100,37802002,quote
AAPL,2025-01-10T20:05:29.036640Z,2025-01-10T20:05:27Z,,236.1266,236.11,236.13,400,700,37802831,quote
AAPL,2025-01-10T20:05:32.034891Z,2025-01-10T20:05:28Z,,236.15,236.12,236.15,100,,37804959,quote
AAPL,2025-01-10T20:05:32.037257Z,2025-01-10T20:05:29Z,,236.13,200,236.14,200,,37805742,quote
AAPL,2025-01-10T20:05:32.038903Z,,,,,236.13,,,37805761,quote
AAPL,2025-01-10T20:05:36.032706Z,2025-01-10T20:05:31Z,,,,236.14,,200,37807902,quote
AAPL,2025-01-10T20:05:36.039201Z,2025-01-10T20:05:32Z,,236.14,236.13,236.15,100,700,37809346,quote
AAPL,2025-01-10T20:05:36.042363Z,,,,200,200,200,200,37809559,quote
AAPL,2025-01-10T20:05:36.045267Z,,,,,,,,37809636,quote
AAPL,2025-01-10T20:05:38.064749Z,2025-01-10T20:05:35Z,,236.15,236.15,236.16,100,300,37810961,quote
AAPL,2025-01-10T20:05:38.067638Z,2025-01-10T20:05:36Z,,236.155,,700,,700,37811407,quote
AAPL,2025-01-10T20:05:41.030626Z,2025-01-10T20:05:37Z,,236.15,700,,700,,37812431,quote
AAPL,2025-01-10T20:05:41.032699Z,2025-01-10T20:05:38Z,,236.1587,,,,,37812652,quote
AAPL,2025-01-10T20:05:41.033847Z,2025-01-10T20:05:39Z,,236.12,236.12,236.14,400,,37815604,quote
AAPL,2025-01-10T20:05:45.031906Z,2025-01-10T20:05:40Z,,236.13,236.13,200,200,200,37820890,quote
AAPL,2025-01-10T20:05:45.036984Z,2025-01-10T20:05:41Z,,236.1315,300,,300,,37821344,quote
AAPL,2025-01-10T20:05:45.039485Z,,,,,,,,37821357,quote
AAPL,2025-01-10T20:05:45.045019Z,,,,200,,200,,37821410,quote
AAPL,2025-01-10T20:05:48.031255Z,2025-01-10T20:05:44Z,,236.14,,100,,100,37821763,quote
AAPL,2025-01-10T20:05:48.033697Z,2025-01-10T20:05:45Z,,,500,236.15,500,700,37822261,quote
AAPL,2025-01-10T20:05:48.036170Z,2025-01-10T20:05:46Z,,,,,,,37822878,quote
AAPL,2025-01-10T20:05:50.033391Z,2025-01-10T20:05:47Z,,236.1307,,,,,37824083,quote
AAPL,2025-01-10T20:05:50.038651Z,2025-01-10T20:05:48Z,,236.13,400,236.14,400,200,37824915,quote
AAPL,2025-01-10T20:05:52.032457Z,2025-01-10T20:05:49Z,,236.11,236.11,236.12,100,700,37827817,quote
AAPL,2025-01-10T20:05:52.037760Z,2025-01-10T20:05:50Z,,236.1,236.08,236.1,,200,37828741,quote
AAPL,2025-01-10T20:05:54.032638Z,2025-01-10T20:05:51Z,,236.07,236.06,236.08,200,100,37830784,quote
AAPL,2025-01-10T20:05:54.037495Z,2025-01-10T20:05:52Z,,236.02,236.02,236.05,700,,37832218,quote
AAPL,2025-01-10T20:05:57.106167Z,2025-01-10T20:05:53Z,,236.04,,236.04,,,37833171,quote
AAPL,2025-01-10T20:05:57.112684Z,2025-01-10T20:05:54Z,,,236.03,236.06,,,37834907,quote
AAPL,2025-01-10T20:05:57.124498Z,,,,100,200,100,200,37834915,quote
AAPL,2025-01-10T20:06:00.032425Z,2025-01-10T20:05:56Z,,236.0378,236.02,236.04,600,100,37835731,quote
AAPL,2025-01-10T20:06:00.034297Z,2025-01-10T20:05:57Z,,236.03,1000,,1000,,37841418,quote
AAPL,2025-01-10T20:06:00.036414Z,2025-01-10T20:05:58Z,,236.0479,1200,236.05,1200,200,37842181,quote
AAPL,2025-01-10T20:06:03.031585Z,2025-01-10T20:05:59Z,,236.035,1100,,1100,,37842481,quote
AAPL,2025-01-10T20:06:03.038104Z,2025-01-10T20:06:00Z,,236.05,236.04,236.06,200,,37843540,quote
AAPL,2025-01-10T20:06:03.039986Z,,,,700,,700,,37843580,quote
AAPL,2025-01-10T20:06:06.031668Z,,,,200,,200,,37843656,quote
AAPL,2025-01-10T20:06:06.033789Z,2025-01-10T20:06:02Z,,,400,,400,,37843935,quote
AAPL,2025-01-10T20:06:06.038152Z,2025-01-10T20:06:04Z,,236.06,600,236.08,600,700,37845088,quote
AAPL,2025-01-10T20:06:09.032238Z,2025-01-10T20:06:07Z,,,236.06,236.09,,300,37846457,quote
AAPL,2025-01-10T20:06:12.032174Z,2025-01-10T20:06:08Z,,236.0744,200,236.08,200,100,37846920,quote
AAPL,2025-01-10T20:06:12.036718Z,,,236.08,300,236.09,300,700,37847657,quote
AAPL,2025-01-10T20:06:12.038197Z,,,,400,200,400,200,37848392,quote
AAPL,2025-01-10T20:06:15.032128Z,2025-01-10T20:06:11Z,,236.075,700,,700,,37849371,quote
AAPL,2025-01-10T20:06:15.036831Z,,,,500,,500,,37849390,quote
AAPL,2025-01-10T20:06:15.042319Z,2025-01-10T20:06:13Z,,236.08,236.07,,1300,,37850916,quote
AAPL,2025-01-10T20:06:18.033403Z,2025-01-10T20:06:14Z,,236.1,236.09,236.11,100,,37852412,quote
AAPL,2025-01-10T20:06:18.036622Z,2025-01-10T20:06:15Z,,236.095,200,300,200,300,37853444,quote
AAPL,2025-01-10T20:06:18.038517Z,2025-01-10T20:06:16Z,,236.1,400,200,400,200,37853821,quote
AAPL,2025-01-10T20:06:21.032903Z,2025-01-10T20:06:17Z,,236.11,500,100,500,100,37854470,quote
AAPL,2025-01-10T20:06:21.042936Z,2025-01-10T20:06:18Z,,236.135,236.12,236.15,100,700,37855468,quote
AAPL,2025-01-10T20:06:21.044791Z,2025-01-10T20:06:19Z,,500,1500,,1500,,37856352,quote
AAPL,2025-01-10T20:06:24.036329Z,,,,,200,,200,37856544,quote
AAPL,2025-01-10T20:06:24.037597Z,2025-01-10T20:06:21Z,,236.15,1600,700,1600,700,37863335,quote
AAPL,2025-01-10T20:06:24.038647Z,2025-01-10T20:06:22Z,,236.1455,1800,100,1800,100,37863513,quote
AAPL,2025-01-10T20:06:29.033110Z,2025-01-10T20:06:23Z,,236.135,,236.16,,300,37864106,quote
AAPL,2025-01-10T20:06:29.035638Z,,,,,700,,700,37864203,quote
AAPL,2025-01-10T20:06:29.036914Z,2025-01-10T20:06:25Z,,236.15,236.13,,200,,37864679,quote
AAPL,2025-01-10T20:06:29.037818Z,,,,,400,,400,37864687,quote
AAPL,2025-01-10T20:06:29.038945Z,,,,700,,700,,,quote
AAPL,2025-01-10T20:06:32.034190Z,2025-01-10T20:06:28Z,,,236.14,,100,,37865330,quote
AAPL,2025-01-10T20:06:32.037710Z,2025-01-10T20:06:29Z,,,,,,,37865992,quote
AAPL,2025-01-10T20:06:32.039376Z,2025-01-10T20:06:30Z,,236.145,,236.15,,700,37866362,quote
AAPL,2025-01-10T20:06:34.031164Z,,,,600,236.16,600,300,37866466,quote
AAPL,2025-01-10T20:06:34.034512Z,2025-01-10T20:06:32Z,,236.16,236.17,236.2,100,700,37867941,quote
AAPL,2025-01-10T20:06:38.034474Z,2025-01-10T20:06:33Z,,236.1815,,,,,37868489,quote
AAPL,2025-01-10T20:06:38.039451Z,,,236.1754,500,500,500,500,37869081,quote
AAPL,2025-01-10T20:06:38.041207Z,,,,,236.19,,700,37869281,quote
AAPL,2025-01-10T20:06:38.043065Z,2025-01-10T20:06:36Z,,236.16,236.15,236.18,400,,37870952,quote
AAPL,2025-01-10T20:06:43.034040Z,,,,,,,,37870953,quote
AAPL,2025-01-10T20:06:43.038537Z,,,,236.16,,1300,,37871220,quote
AAPL,2025-01-10T20:06:43.041085Z,2025-01-10T20:06:39Z,,236.17,,,,,37872063,quote
AAPL,2025-01-10T20:06:43.042833Z,,,,,,,,37872107,quote
AAPL,2025-01-10T20:06:43.044899Z,2025-01-10T20:06:41Z,,100,1600,100,1600,100,37877574,quote
AAPL,2025-01-10T20:06:47.033794Z,2025-01-10T20:06:42Z,,236.1778,,700,,700,37879469,quote
AAPL,2025-01-10T20:06:47.037155Z,2025-01-10T20:06:43Z,,236.1716,,,,,37879928,quote
AAPL,2025-01-10T20:06:47.039642Z,,,,,236.17,,,37879970,quote
AAPL,2025-01-10T20:06:47.041954Z,,,,1700,236.18,1700,,37880092,quote
AAPL,2025-01-10T20:06:50.108809Z,2025-01-10T20:06:46Z,,236.17,,,,,37880422,quote
AAPL,2025-01-10T20:06:50.113214Z,2025-01-10T20:06:47Z,,236.16,,,,,37881024,quote
AAPL,2025-01-10T20:06:50.114906Z,2025-01-10T20:06:48Z,,236.17,,,,,37881339,quote
AAPL,2025-01-10T20:06:53.030612Z,2025-01-10T20:06:49Z,,236.155,236.15,236.16,300,,37885467,quote
AAPL,2025-01-10T20:06:53.032906Z,2025-01-10T20:06:50Z,,236.1523,,236.17,,,37886167,quote
AAPL,2025-01-10T20:06:53.035953Z,2025-01-10T20:06:51Z,,236.16,700,,700,,37887576,quote
AAPL,2025-01-10T20:06:55.034371Z,2025-01-10T20:06:52Z,,,,,,,37888000,quote
AAPL,2025-01-10T20:06:55.041183Z,2025-01-10T20:06:53Z,,236.1556,,,,,37888314,quote
AAPL,2025-01-10T20:06:58.137658Z,2025-01-10T20:06:54Z,,236.155,,236.16,,300,37890298,quote
AAPL,2025-01-10T20:06:58.142508Z,2025-01-10T20:06:55Z,,236.16,,236.17,,,37892030,quote
AAPL,2025-01-10T20:06:58.146053Z,2025-01-10T20:06:56Z,,236.13,236.12,236.13,200,200,37895874,quote
AAPL,2025-01-10T20:07:01.107483Z,,,,300,300,300,300,37896009,quote
AAPL,2025-01-10T20:07:01.109743Z,2025-01-10T20:06:58Z,,,,,,,37896118,quote
AAPL,2025-01-10T20:07:01.112212Z,2025-01-10T20:06:59Z,,236.1228,,,,,37896777,quote
AAPL,2025-01-10T20:07:03.032220Z,2025-01-10T20:07:00Z,,236.0989,236.09,236.1,100,,37902170,quote
AAPL,2025-01-10T20:07:03.034879Z,2025-01-10T20:07:01Z,,236.1599,236.15,236.16,200,100,37905648,quote
AAPL,2025-01-10T20:07:05.099103Z,2025-01-10T20:07:02Z,,236.1565,100,200,100,200,37906067,quote
AAPL,2025-01-10T20:07:05.102954Z,,,236.155,500,100,500,100,37906268,quote
AAPL,2025-01-10T20:07:08.032283Z,2025-01-10T20:07:04Z,,236.17,236.16,236.17,100,200,37907425,quote
AAPL,2025-01-10T20:07:08.034624Z,,,,,700,,700,37907545,quote
AAPL,2025-01-10T20:07:08.036784Z,2025-01-10T20:07:06Z,,236.16,236.15,236.16,800,100,37908008,quote
AAPL,2025-01-10T20:07:12.034505Z,2025-01-10T20:07:07Z,,236.17,900,236.17,900,400,37908396,quote
AAPL,2025-01-10T20:07:12.038032Z,2025-01-10T20:07:08Z,,236.16,,,,,37909617,quote
AAPL,2025-01-10T20:07:12.039546Z,,,,,,,,37909680,quote
AAPL,2025-01-10T20:07:12.040359Z,2025-01-10T20:07:10Z,,,,700,,700,37910169,quote
AAPL,2025-01-10T20:07:14.032836Z,2025-01-10T20:07:11Z,,236.172,600,200,600,200,37912748,quote
AAPL,2025-01-10T20:07:14.036426Z,2025-01-10T20:07:12Z,,236.1578,1000,236.18,1000,300,37913359,quote
AAPL,2025-01-10T20:07:18.105505Z,2025-01-10T20:07:13Z,,236.17,236.16,,100,,37913749,quote
AAPL,2025-01-10T20:07:18.107999Z,2025-01-10T20:07:14Z,,,,700,,700,37914213,quote
AAPL,2025-01-10T20:07:18.109912Z,,,,,,,,37914246,quote
AAPL,2025-01-10T20:07:18.111996Z,2025-01-10T20:07:16Z,,236.16,,236.17,,,37914526,quote
AAPL,2025-01-10T20:07:20.032602Z,2025-01-10T20:07:17Z,,236.1201,236.12,236.13,200,100,37917928,quote
AAPL,2025-01-10T20:07:20.035607Z,2025-01-10T20:07:18Z,,236.0923,236.06,236.1,800,200,37920017,quote
AAPL,2025-01-10T20:07:23.123800Z,2025-01-10T20:07:19Z,,236.06,600,236.09,600,700,37921011,quote
AAPL,2025-01-10T20:07:23.126785Z,2025-01-10T20:07:20Z,,,100,,100,,37922577,quote
AAPL,2025-01-10T20:07:23.128838Z,,,,700,236.1,700,,37922643,quote
AAPL,2025-01-10T20:07:25.032586Z,2025-01-10T20:07:22Z,,236.0952,,,,,37922796,quote
AAPL,2025-01-10T20:07:25.036690Z,2025-01-10T20:07:23Z,,236.09,236.07,200,100,200,37923171,quote
AAPL,2025-01-10T20:07:27.219273Z,2025-01-10T20:07:24Z,,236.085,400,300,400,300,37923908,quote
AAPL,2025-01-10T20:07:27.221715Z,2025-01-10T20:07:25Z,,236.07,236.05,236.09,700,200,37924521,quote
AAPL,2025-01-10T20:07:30.030616Z,2025-01-10T20:07:26Z,,236.09,236.07,236.1,,,37924888,quote
AAPL,2025-01-10T20:07:30.031320Z,2025-01-10T20:07:27Z,,236.085,236.08,,,,37925085,quote
AAPL,2025-01-10T20:07:30.031741Z,2025-01-10T20:07:28Z,,236.1,236.09,236.13,,700,37926077,quote
AAPL,2025-01-10T20:07:33.191122Z,2025-01-10T20:07:29Z,,236.1248,236.1,236.14,300,,37926202,quote
AAPL,2025-01-10T20:07:33.197044Z,,,,400,,400,,37926436,quote
AAPL,2025-01-10T20:07:33.199257Z,2025-01-10T20:07:31Z,,236.12,236.11,400,200,400,37926599,quote
AAPL,2025-01-10T20:07:35.035210Z,2025-01-10T20:07:32Z,,236.11,1000,,1000,,37926799,quote
AAPL,2025-01-10T20:07:35.038138Z,2025-01-10T20:07:33Z,,236.145,236.14,236.18,100,700,37927742,quote
AAPL,2025-01-10T20:07:37.032824Z,2025-01-10T20:07:34Z,,236.17,236.16,300,,300,37928112,quote
AAPL,2025-01-10T20:07:37.036099Z,2025-01-10T20:07:35Z,,236.18,236.15,700,300,700,37929179,quote
AAPL,2025-01-10T20:07:40.032054Z,,,236.165,200,,200,,37930920,quote
AAPL,2025-01-10T20:07:40.036779Z,2025-01-10T20:07:37Z,,180,100,,100,,37931270,quote
AAPL,2025-01-10T20:07:40.040745Z,2025-01-10T20:07:38Z,,236.18,236.16,236.19,300,100,37932068,quote
AAPL,2025-01-10T20:07:43.095914Z,2025-01-10T20:07:39Z,,,236.15,700,1100,700,37932482,quote
AAPL,2025-01-10T20:07:43.098492Z,2025-01-10T20:07:40Z,,236.19,,236.18,,,37932812,quote
AAPL,2025-01-10T20:07:43.100624Z,2025-01-10T20:07:41Z,,236.1501,,,,,37933179,quote
AAPL,2025-01-10T20:07:45.037968Z,2025-01-10T20:07:42Z,,236.15,1200,300,1200,300,37933444,quote
AAPL,2025-01-10T20:07:45.040914Z,2025-01-10T20:07:43Z,,236.2,236.17,236.2,300,500,37936679,quote
AAPL,2025-01-10T20:07:49.035705Z,2025-01-10T20:07:44Z,,236.17,236.16,,700,,37937084,quote
AAPL,2025-01-10T20:07:49.038217Z,,,,236.17,700,100,700,37937090,quote
AAPL,2025-01-10T20:07:49.040993Z,,,,,800,,800,37937098,quote
AAPL,2025-01-10T20:07:49.042824Z,2025-01-10T20:07:47Z,,236.175,236.16,236.19,200,700,37937352,quote
AAPL,2025-01-10T20:07:51.078057Z,2025-01-10T20:07:48Z,,236.15,236.15,236.17,1100,,37938907,quote
AAPL,2025-01-10T20:07:51.079662Z,2025-01-10T20:07:49Z,,100,,236.19,,,37939254,quote
AAPL,2025-01-10T20:07:53.034641Z,2025-01-10T20:07:50Z,,236.18,236.16,200,200,200,37939602,quote
AAPL,2025-01-10T20:07:53.038116Z,2025-01-10T20:07:51Z,,236.15,236.15,236.18,1100,700,37940293,quote
AAPL,2025-01-10T20:07:56.105961Z,2025-01-10T20:07:52Z,,236.12,236.11,236.13,700,100,37944950,quote
AAPL,2025-01-10T20:07:56.107916Z,2025-01-10T20:07:53Z,,236.13,236.14,236.17,200,700,37945379,quote
AAPL,2025-01-10T20:07:56.108864Z,,,,,900,,900,37945431,quote
AAPL,2025-01-10T20:07:58.035133Z,2025-01-10T20:07:55Z,,236.15,300,800,300,800,37945740,quote
AAPL,2025-01-10T20:07:58.037828Z,2025-01-10T20:07:56Z,,236.16,400,700,400,700,37946063,quote
AAPL,2025-01-10T20:08:01.113030Z,2025-01-10T20:07:57Z,,236.14,236.15,,100,,37946447,quote
AAPL,2025-01-10T20:08:01.114889Z,2025-01-10T20:07:58Z,,236.17,236.14,,600,,37946634,quote
AAPL,2025-01-10T20:08:01.115932Z,,,,236.15,,100,,37946714,quote
AAPL,2025-01-10T20:08:05.110286Z,2025-01-10T20:08:00Z,,236.15,236.14,236.16,600,,37949224,quote
AAPL,2025-01-10T20:08:05.114240Z,2025-01-10T20:08:01Z,,236.13,236.13,236.15,200,100,37950857,quote
AAPL,2025-01-10T20:08:05.115928Z,,,,,236.16,,700,37951183,quote
AAPL,2025-01-10T20:08:05.117483Z,,,,,,,,37951252,quote
AAPL,2025-01-10T20:08:08.077406Z,,,,,236.15,,100,37951356,quote
AAPL,2025-01-10T20:08:08.081715Z,2025-01-10T20:08:05Z,,236.15,700,236.16,700,700,37952074,quote
AAPL,2025-01-10T20:08:08.083850Z,2025-01-10T20:08:06Z,,236.16,900,,900,,37952390,quote
AAPL,2025-01-10T20:08:10.040603Z,2025-01-10T20:08:07Z,,300,236.14,,700,,37953438,quote
AAPL,2025-01-10T20:08:10.042826Z,2025-01-10T20:08:08Z,,236.15,236.13,900,800,900,37954798,quote
AAPL,2025-01-10T20:08:15.041259Z,2025-01-10T20:08:09Z,,236.1524,900,700,900,700,37954952,quote
AAPL,2025-01-10T20:08:15.044525Z,,,,236.14,,100,,37954977,quote
AAPL,2025-01-10T20:08:15.046411Z,2025-01-10T20:08:11Z,,236.155,236.15,600,,600,37955467,quote
AAPL,2025-01-10T20:08:15.048079Z,,,,200,500,200,500,37955561,quote
AAPL,2025-01-10T20:08:15.049312Z,,,,,,,,37955670,quote
AAPL,2025-01-10T20:08:17.036755Z,2025-01-10T20:08:14Z,,236.165,236.16,236.17,100,300,37958851,quote
AAPL,2025-01-10T20:08:17.039502Z,2025-01-10T20:08:15Z,,236.16,236.15,400,1000,400,37959095,quote
AAPL,2025-01-10T20:08:19.036934Z,2025-01-10T20:08:16Z,,236.1556,,,,,37959627,quote
AAPL,2025-01-10T20:08:19.039642Z,2025-01-10T20:08:17Z,,236.11,236.1,236.13,700,100,37964629,quote
AAPL,2025-01-10T20:08:21.082028Z,2025-01-10T20:08:18Z,,236.12,,236.14,,,37966110,quote
AAPL,2025-01-10T20:08:21.085388Z,2025-01-10T20:08:19Z,,236.11,236.11,,400,,37966817,quote
AAPL,2025-01-10T20:08:23.036289Z,2025-01-10T20:08:20Z,,236.125,500,700,500,700,37967034,quote
AAPL,2025-01-10T20:08:23.039231Z,2025-01-10T20:08:21Z,,236.13,600,236.13,600,200,37967989,quote
AAPL,2025-01-10T20:08:26.100814Z,2025-01-10T20:08:22Z,,236.09,236.07,236.11,700,700,37971515,quote
AAPL,2025-01-10T20:08:26.104256Z,2025-01-10T20:08:23Z,,236.08,,,,,37975533,quote
AAPL,2025-01-10T20:08:26.106496Z,2025-01-10T20:08:24Z,,236.0701,600,236.1,600,,37975760,quote
AAPL,2025-01-10T20:08:29.031571Z,2025-01-10T20:08:25Z,,236.07,300,236.08,300,100,37976868,quote
AAPL,2025-01-10T20:08:29.035012Z,2025-01-10T20:08:26Z,,236.05,236.05,700,400,700,37978550,quote
AAPL,2025-01-10T20:08:29.037089Z,,,,,,,,37978673,quote
AAPL,2025-01-10T20:08:32.032416Z,,,,,236.07,,200,37978705,quote
AAPL,2025-01-10T20:08:32.033937Z,2025-01-10T20:08:29Z,,236.0899,236.07,236.09,100,,37979854,quote
AAPL,2025-01-10T20:08:32.034892Z,2025-01-10T20:08:30Z,,400,200,,200,,37980277,quote
AAPL,2025-01-10T20:08:36.134680Z,,,236.07,,300,,300,37980547,quote
AAPL,2025-01-10T20:08:36.137107Z,2025-01-10T20:08:32Z,,,400,200,400,200,37982359,quote
AAPL,2025-01-10T20:08:36.139362Z,2025-01-10T20:08:33Z,,236.09,700,,700,,37982587,quote
AAPL,2025-01-10T20:08:36.141118Z,,,,800,500,800,500,37982780,quote
AAPL,2025-01-10T20:08:38.033248Z,2025-01-10T20:08:35Z,,132,,400,,400,37982940,quote
AAPL,2025-01-10T20:08:38.049294Z,2025-01-10T20:08:36Z,,,236.09,236.11,100,700,37983752,quote
AAPL,2025-01-10T20:08:42.032614Z,2025-01-10T20:08:37Z,,236.090985,,,,,37984806,quote
AAPL,2025-01-10T20:08:42.035016Z,,,,236.07,,1000,,37984887,quote
AAPL,2025-01-10T20:08:42.036996Z,,,,,,,,37985066,quote
AAPL,2025-01-10T20:08:42.039065Z,2025-01-10T20:08:40Z,,236.115,236.1,236.13,300,100,37986942,quote
AAPL,2025-01-10T20:08:46.071278Z,2025-01-10T20:08:41Z,,,,200,,200,37988177,quote
AAPL,2025-01-10T20:08:46.075045Z,2025-01-10T20:08:42Z,,,400,,400,,37988489,quote
AAPL,2025-01-10T20:08:46.076820Z,2025-01-10T20:08:43Z,,236.12,236.11,236.14,100,,37989029,quote
AAPL,2025-01-10T20:08:46.080275Z,,,,,700,,700,37989092,quote
AAPL,2025-01-10T20:08:49.033076Z,2025-01-10T20:08:45Z,,236.125,,200,,200,37989298,quote
AAPL,2025-01-10T20:08:49.038381Z,2025-01-10T20:08:46Z,,125,600,,600,,37989734,quote
AAPL,2025-01-10T20:08:49.041211Z,,,,900,,900,,37989867,quote
AAPL,2025-01-10T20:08:52.109851Z,2025-01-10T20:08:48Z,,236.1512,236.12,236.16,700,700,37990839,quote
AAPL,2025-01-10T20:08:52.116455Z,2025-01-10T20:08:49Z,,236.12,300,,300,,37991003,quote
AAPL,2025-01-10T20:08:52.118082Z,,,,236.13,236.17,100,,37991034,quote
AAPL,2025-01-10T20:08:55.032707Z,2025-01-10T20:08:51Z,,236.15,1400,,1400,,37991154,quote
AAPL,2025-01-10T20:08:55.035244Z,,,,1500,300,1500,300,37991173,quote
AAPL,2025-01-10T20:08:55.037376Z,2025-01-10T20:08:53Z,,236.17,236.14,236.18,300,700,37992391,quote
AAPL,2025-01-10T20:08:58.151360Z,2025-01-10T20:08:54Z,,236.1799,100,,100,,37997589,quote
AAPL,2025-01-10T20:08:58.156525Z,2025-01-10T20:08:55Z,,236.14,,236.17,,,37998564,quote
AAPL,2025-01-10T20:08:58.158996Z,,,,236.15,236.18,,,37998622,quote
AAPL,2025-01-10T20:09:03.033108Z,2025-01-10T20:08:57Z,,236.17,236.16,,,,37999039,quote
AAPL,2025-01-10T20:09:03.037130Z,,,,400,400,400,400,37999340,quote
AAPL,2025-01-10T20:09:03.038997Z,2025-01-10T20:08:59Z,,236.16,200,700,200,700,38000093,quote
AAPL,2025-01-10T20:09:03.040689Z,,,,,400,,400,38000313,quote
AAPL,2025-01-10T20:09:03.041941Z,,,,1200,700,1200,700,38000692,quote
AAPL,2025-01-10T20:09:06.035930Z,2025-01-10T20:09:02Z,,236.171,,400,,400,38002764,quote
AAPL,2025-01-10T20:09:06.039403Z,,,,1300,700,1300,700,38002918,quote
AAPL,2025-01-10T20:09:06.041322Z,2025-01-10T20:09:04Z,,236.16,1700,400,1700,400,38003265,quote
AAPL,2025-01-10T20:09:08.084313Z,2025-01-10T20:09:05Z,,236.15,236.14,236.17,200,700,38006618,quote
AAPL,2025-01-10T20:09:08.087502Z,2025-01-10T20:09:06Z,,236.14,236.13,236.15,600,,38007880,quote
AAPL,2025-01-10T20:09:10.033924Z,2025-01-10T20:09:07Z,,236.13,300,,300,,38008083,quote
AAPL,2025-01-10T20:09:10.038469Z,2025-01-10T20:09:08Z,,236.12,236.11,236.14,200,,38009796,quote
AAPL,2025-01-10T20:09:12.032210Z,2025-01-10T20:09:09Z,,236.11,236.1,236.12,,,38010509,quote
AAPL,2025-01-10T20:09:12.033864Z,2025-01-10T20:09:10Z,,236.1015,,236.13,,,38010972,quote
AAPL,2025-01-10T20:09:16.075824Z,2025-01-10T20:09:11Z,,236.1,500,236.12,500,100,38011548,quote
AAPL,2025-01-10T20:09:16.079076Z,2025-01-10T20:09:12Z,,,,236.14,,700,38011651,quote
AAPL,2025-01-10T20:09:16.080328Z,2025-01-10T20:09:13Z,,236.11,236.11,,200,,38011914,quote
AAPL,2025-01-10T20:09:16.081220Z,,,,,236.13,,,38011937,quote
AAPL,2025-01-10T20:09:18.120610Z,2025-01-10T20:09:15Z,,236.125019,236.1,300,500,300,38014784,quote
AAPL,2025-01-10T20:09:18.123621Z,2025-01-10T20:09:16Z,,236.115,,,,,38016692,quote
AAPL,2025-01-10T20:09:21.089214Z,2025-01-10T20:09:17Z,,236.1,,236.12,,,38017180,quote
AAPL,2025-01-10T20:09:21.092713Z,2025-01-10T20:09:18Z,,236.09,236.08,236.1,200,700,38019670,quote
AAPL,2025-01-10T20:09:21.094737Z,2025-01-10T20:09:19Z,,,236.09,600,100,600,38020619,quote
AAPL,2025-01-10T20:09:24.034210Z,2025-01-10T20:09:20Z,,236.1,700,236.11,700,200,38021280,quote
AAPL,2025-01-10T20:09:24.036145Z,,,,100,700,100,700,38021290,quote
AAPL,2025-01-10T20:09:24.037288Z,2025-01-10T20:09:22Z,,236.09,236.1,300,,300,38021392,quote
AAPL,2025-01-10T20:09:27.035463Z,2025-01-10T20:09:23Z,,236.1158,236.11,236.12,,200,38022333,quote
AAPL,2025-01-10T20:09:27.039012Z,2025-01-10T20:09:24Z,,236.11,236.1,100,700,100,38022560,quote
AAPL,2025-01-10T20:09:27.041743Z,,,,,236.13,,700,38022736,quote
AAPL,2025-01-10T20:09:29.034846Z,2025-01-10T20:09:26Z,,236.106,,236.12,,,38022957,quote
AAPL,2025-01-10T20:09:29.039804Z,2025-01-10T20:09:27Z,,236.1,236.07,236.11,,,38024558,quote
AAPL,2025-01-10T20:09:32.032564Z,2025-01-10T20:09:28Z,,236.07,400,236.1,400,,38024750,quote
AAPL,2025-01-10T20:09:32.034729Z,,,,,,,,38026355,quote
AAPL,2025-01-10T20:09:32.036386Z,2025-01-10T20:09:30Z,,,236.05,236.09,700,,38028395,quote
AAPL,2025-01-10T20:09:36.141834Z,2025-01-10T20:09:31Z,,236.08,236.08,236.1,,200,38028815,quote
AAPL,2025-01-10T20:09:36.145806Z,2025-01-10T20:09:32Z,,236.11,236.12,236.15,100,700,38030119,quote
AAPL,2025-01-10T20:09:36.148004Z,,,,400,236.14,400,100,38030501,quote
AAPL,2025-01-10T20:09:36.149730Z,,,,500,,500,,38030506,quote
AAPL,2025-01-10T20:09:38.088226Z,2025-01-10T20:09:35Z,,236.1248,,700,,700,38032918,quote
AAPL,2025-01-10T20:09:38.092132Z,2025-01-10T20:09:36Z,,236.12,,,,,38033788,quote
AAPL,2025-01-10T20:09:41.160240Z,2025-01-10T20:09:37Z,,236.14,236.14,236.15,100,200,38034510,quote
AAPL,2025-01-10T20:09:41.166312Z,2025-01-10T20:09:38Z,,236.11,236.11,236.13,,700,38036772,quote
AAPL,2025-01-10T20:09:41.167880Z,2025-01-10T20:09:39Z,,236.1,236.1,100,,100,38037315,quote
AAPL,2025-01-10T20:09:44.033969Z,,,,,700,,700,38037408,quote
AAPL,2025-01-10T20:09:44.037145Z,2025-01-10T20:09:41Z,,,236.08,236.1,600,,38038330,quote
AAPL,2025-01-10T20:09:44.039369Z,2025-01-10T20:09:42Z,,236.08,,100,,100,38039337,quote
AAPL,2025-01-10T20:09:48.032828Z,2025-01-10T20:09:43Z,,236.1,236.09,236.12,700,500,38039860,quote
AAPL,2025-01-10T20:09:48.035822Z,2025-01-10T20:09:44Z,,236.09,300,,300,,38040256,quote
AAPL,2025-01-10T20:09:48.038317Z,,,,,700,,700,38040270,quote
AAPL,2025-01-10T20:09:48.040039Z,,,,,,,,38040350,quote
AAPL,2025-01-10T20:09:51.034997Z,,,,,236.11,,,38040558,quote
AAPL,2025-01-10T20:09:51.037814Z,2025-01-10T20:09:48Z,,236.1,,236.12,,,38041502,quote
AAPL,2025-01-10T20:09:51.039716Z,2025-01-10T20:09:49Z,,236.12,236.11,100,100,100,38044223,quote
AAPL,2025-01-10T20:09:53.033156Z,2025-01-10T20:09:50Z,,236.11,236.1,236.14,1600,700,38045038,quote
AAPL,2025-01-10T20:09:53.036174Z,2025-01-10T20:09:51Z,,236.122,236.12,,100,,38047829,quote
AAPL,2025-01-10T20:09:55.065570Z,2025-01-10T20:09:52Z,,236.11,236.11,200,700,200,38049688,quote
AAPL,2025-01-10T20:09:55.067755Z,2025-01-10T20:09:53Z,,236.1166,300,300,300,300,38050143,quote
AAPL,2025-01-10T20:10:01.033231Z,2025-01-10T20:09:54Z,,236.12,200,700,200,700,38050610,quote
AAPL,2025-01-10T20:10:01.036083Z,,,,,236.13,,100,38050622,quote
AAPL,2025-01-10T20:10:01.038276Z,,,,1100,700,1100,700,38050658,quote
AAPL,2025-01-10T20:10:01.040007Z,,,,,,,,38050673,quote
AAPL,2025-01-10T20:10:01.040931Z,2025-01-10T20:09:58Z,,,400,,400,,38054818,quote
AAPL,2025-01-10T20:10:01.041833Z,,,,236.1,200,500,200,38055069,quote
AAPL,2025-01-10T20:10:04.097395Z,,,,,300,,300,38055189,quote
AAPL,2025-01-10T20:10:04.099502Z,,,,700,,700,,38055197,quote
AAPL,2025-01-10T20:10:04.100589Z,2025-01-10T20:10:02Z,,236.11,236.11,,300,,38055508,quote
AAPL,2025-01-10T20:10:08.092348Z,2025-01-10T20:10:03Z,,236.13,236.12,236.14,200,400,38058370,quote
AAPL,2025-01-10T20:10:08.095952Z,,,236.1276,,,,,38058579,quote
AAPL,2025-01-10T20:10:08.097396Z,,,,300,700,300,700,38058670,quote
AAPL,2025-01-10T20:10:08.098859Z,2025-01-10T20:10:05Z,,236.12,700,400,700,400,38058889,quote
AAPL,2025-01-10T20:10:10.032168Z,2025-01-10T20:10:07Z,,236.13,,700,,700,38059399,quote
AAPL,2025-01-10T20:10:10.034552Z,2025-01-10T20:10:08Z,,,1200,600,1200,600,38065026,quote
AAPL,2025-01-10T20:10:13.110714Z,2025-01-10T20:10:09Z,,236.1385,,500,,500,38065754,quote
AAPL,2025-01-10T20:10:13.113930Z,2025-01-10T20:10:10Z,,236.135,236.13,200,200,200,38066543,quote
AAPL,2025-01-10T20:10:13.115835Z,2025-01-10T20:10:11Z,,236.14,600,236.15,600,300,38067282,quote
AAPL,2025-01-10T20:10:15.033321Z,2025-01-10T20:10:12Z,,236.13,,,,,38069072,quote
AAPL,2025-01-10T20:10:15.035522Z,2025-01-10T20:10:13Z,,236.155,236.15,236.16,300,100,38070262,quote
AAPL,2025-01-10T20:10:17.103326Z,2025-01-10T20:10:14Z,,236.16,236.17,236.18,200,700,38070922,quote
AAPL,2025-01-10T20:10:17.106227Z,2025-01-10T20:10:15Z,,236.1712,300,200,300,200,38071234,quote
AAPL,2025-01-10T20:10:20.071884Z,2025-01-10T20:10:16Z,,236.1701,400,,400,,38073359,quote
AAPL,2025-01-10T20:10:20.075863Z,2025-01-10T20:10:17Z,,236.185,236.18,236.19,,800,38074603,quote
AAPL,2025-01-10T20:10:20.077015Z,2025-01-10T20:10:18Z,,,500,,500,,38075399,quote
AAPL,2025-01-10T20:10:22.123094Z,2025-01-10T20:10:19Z,,236.18,236.17,236.18,300,100,38078536,quote
AAPL,2025-01-10T20:10:22.126119Z,2025-01-10T20:10:20Z,,236.176,,1000,,1000,38078766,quote
AAPL,2025-01-10T20:10:24.035075Z,2025-01-10T20:10:21Z,,236.15,236.15,236.16,200,200,38084141,quote
AAPL,2025-01-10T20:10:24.038164Z,2025-01-10T20:10:22Z,,236.16,236.16,236.17,100,,38084668,quote
AAPL,2025-01-10T20:10:26.035199Z,2025-01-10T20:10:23Z,,,236.15,236.16,300,100,38085094,quote
AAPL,2025-01-10T20:10:26.038348Z,2025-01-10T20:10:24Z,,236.15,236.12,236.15,200,1000,38086429,quote
AAPL,2025-01-10T20:10:30.033141Z,2025-01-10T20:10:25Z,,236.1101,236.11,236.13,400,200,38089042,quote
AAPL,2025-01-10T20:10:30.035017Z,,,,236.1,,600,,38089074,quote
AAPL,2025-01-10T20:10:30.036225Z,2025-01-10T20:10:27Z,,236.1001,300,236.12,300,,38089736,quote
AAPL,2025-01-10T20:10:30.036953Z,,,,400,,400,,38089801,quote
AAPL,2025-01-10T20:10:32.033703Z,2025-01-10T20:10:29Z,,236.1595,236.13,236.16,700,1000,38092985,quote
AAPL,2025-01-10T20:10:32.037326Z,2025-01-10T20:10:30Z,,236.1524,236.14,236.17,200,300,38093324,quote
AAPL,2025-01-10T20:10:35.124466Z,,,,,,,,38093440,quote
AAPL,2025-01-10T20:10:35.127383Z,2025-01-10T20:10:32Z,,236.15,300,400,300,400,38093613,quote
AAPL,2025-01-10T20:10:35.129129Z,2025-01-10T20:10:33Z,,236.17,800,,800,,38093935,quote
AAPL,2025-01-10T20:10:39.043104Z,2025-01-10T20:10:34Z,,236.15,236.15,1000,200,1000,38094575,quote
AAPL,2025-01-10T20:10:39.047507Z,2025-01-10T20:10:35Z,,236.161,,,,,38095416,quote
AAPL,2025-01-10T20:10:39.059888Z,,,,,,,,38095516,quote
AAPL,2025-01-10T20:10:39.060463Z,,,,1200,,1200,,38095583,quote
AAPL,2025-01-10T20:10:42.045288Z,2025-01-10T20:10:38Z,,236.1679,,,,,38095760,quote
AAPL,2025-01-10T20:10:42.047554Z,2025-01-10T20:10:39Z,,236.16,,,,,38096207,quote
AAPL,2025-01-10T20:10:42.048561Z,2025-01-10T20:10:40Z,,236.155,,236.16,,,38097523,quote
AAPL,2025-01-10T20:10:44.037556Z,2025-01-10T20:10:41Z,,236.14,236.11,236.15,700,200,38101318,quote
AAPL,2025-01-10T20:10:44.039915Z,2025-01-10T20:10:42Z,,236.13,236.12,,,,38101630,quote
AAPL,2025-01-10T20:10:46.038362Z,2025-01-10T20:10:43Z,,236.14,236.14,236.16,100,700,38102236,quote
AAPL,2025-01-10T20:10:46.041908Z,2025-01-10T20:10:44Z,,236.145,236.13,800,700,800,38102385,quote
